1689 2531
102 299 143 328 15

110 1151 151 1180 16

170 45 252 86 196
636 43 1037 89 [ΔΗΜΟΣΘΕΝΟΤΣ]
1419 43 1521 86 [xvn

169 141 266 182 ἀντὶ
314 141 617 194 δημοκρατιῶν
661 138 997 191 καθισταμένων
1041 139 1112 179 καὶ
1156 144 1243 179 τῶν
1287 141 1518 179 πολιτειῶν

171 210 518 263 καταλυομένων.

236 284 292 323 Τὸ
321 281 358 323 δ’
392 280 453 323 ἔτι
473 283 911 335 καταγελαστότερον·
952 279 1043 322 ἔστι
1064 281 1146 334 γὰρ
1169 278 1216 321 ἐν
1236 286 1328 329 ταῖς
1350 282 1517 332 συνθή-

170 370 264 403 καις
298 352 597 405 ἐπιμελεῖσθαι
629 355 731 402 τοὺς
765 353 1110 406 συνεδρεύοντας
1143 351 1214 392 καὶ
1246 352 1348 400 τοὺς
1375 349 1445 392 ἐπὶ
1471 357 1522 405 τῇ

171 431 297 480 κοινῇ
329 428 503 479 φυλακῇ
535 423 822 477 τεταγμένους
855 424 969 472 ὅπως
1003 421 1049 464 ἐν
1081 429 1173 472 ταῖς
1205 421 1522 470 κοινωνούσαις

171 497 353 537 πόλεσιν
384 502 459 548 τῆς
492 497 667 549 εἰρήνης
699 495 756 548 μὴ
788 496 1026 548 γίγνωνται
1059 493 1248 535 θάνατοι
1280 492 1352 533 καὶ
1386 492 1524 546 φυγαὶ

173 567 289 621 παρὰ
314 568 415 615 τοὺς
436 565 661 617 κειμένους
682 572 774 614 ταῖς
794 566 946 606 πόλεσι
966 565 1141 618 νόμους,
1166 563 1273 618 μηδὲ
1293 562 1524 618 χρημάτων

174 638 416 692 δημεύσεις,
449 637 557 690 μηδὲ
589 643 666 690 γῆς
700 635 956 690 ἀναδασμοί,
987 635 1094 689 μηδὲ
1126 641 1265 689 χρεῶν
1297 633 1526 687 ἀποκοπαί,

173 709 282 762 μηδὲ
324 708 497 749 δούλων
539 706 913 761 ἀπελευθερώσεις
956 705 1024 747 ἐπὶ
1059 710 1341 762 νεωτερισμῷ.
1398 705 1437 746 οἱ
1478 704 1526 745 δὲ

175 779 389 821 τοσούτου
418 778 568 820 δεόυσι
594 778 763 819 τούτων
788 794 830 818 τι
856 778 1054 831 κωλύειν,
1079 777 1188 818 ὥστε
1215 776 1286 817 καὶ
1315 786 1526 829 συγκατα-

177 850 481 901 σκευάζουσιν·
521 849 597 898 οὓς
623 856 712 898 πῶς
733 849 786 890 οὐ
816 851 1025 903 προσήκει
1055 847 1349 898 ἀπολωλέναι;
1387 848 1430 888 οἳ
1457 862 1529 899 τη-

177 922 381 970 λικαύτας
397 921 626 974 συμφορὰς
647 920 1054 975 παρασκευάζουσιν
1075 917 1122 960 ἐν
1142 925 1234 967 ταῖς
1255 918 1462 972 πόλεὶσιν,
1481 916 1529 966 ἃς

178 994 250 1033 διὰ
275 994 324 1034 τὸ
351 992 537 1046 μέγεθος
565 991 712 1040 αὐτοῖς
740 991 964 1040 τοσούτοις
991 987 1090 1031 οὖσι
1116 991 1172 1044 μὴ
1199 994 1410 1043 περιορᾶν
1437 986 1530 1029 ἐπέ-

177 1063 321 1114 ταξαν.

228 1133 320 1176 ’Έτι
355 1132 390 1175 δ’
430 1133 580 1188 ἕτερον
614 1133 739 1183 δείξω
767 1135 814 1174 τὸ
844 1134 1022 1182 λελυκὸς
1049 1133 1123 1182 τὰς
1151 1133 1389 1185 συνθήκας.
1439 1128 1530 1171 ἔστι

180 1207 261 1260 γὰρ
289 1204 604 1259 γεγραμμένον,
630 1203 675 1245 ἐκ
701 1211 789 1245 τῶν
815 1206 986 1245 πόλεων
1012 1211 1100 1245 τῶν
1126 1208 1439 1245 κοινωνουσῶν
1457 1207 1532 1254 τῆς

181 1279 354 1330 εἰρήνης
380 1277 437 1330 μὴ
465 1274 624 1326 ἐξεῖναι
651 1275 851 1329 φυγάδας
879 1275 1151 1329 ὁρμήσαντας
1180 1271 1273 1316 ὅπλ’
1307 1271 1533 1327 ἐπιφέρειν

182 1347 251 1389 ε’πὶ
277 1346 449 1403 πολέμῳ
476 1347 663 1402 μηδεμιᾷ
688 1348 811 1387 πόλει
838 1353 924 1387 τῶν
950 1352 1224 1400 μετεχουσῶν
1244 1350 1318 1397 τῆς
1340 1344 1532 1397 εἰρήνης·

184 1421 219 1460 εἰ
254 1418 302 1460 δὲ
333 1420 403 1472 μή,
434 1415 680 1459 ἔκσπονδον
713 1413 825 1459 εἶναι
851 1418 930 1471 τὴν
956 1418 1085 1458 πόλιν
1113 1415 1153 1465 ἐξ
1181 1413 1230 1469 ἧς
1258 1414 1312 1456 ἂν
1338 1414 1533 1468 ὁρμήσω-

185 1501 267 1531 σιν.
307 1489 420 1531 οὕτω
442 1490 595 1530 τοίνυν
616 1488 775 1544 ῥαδίως
802 1489 852 1529 τὰ
874 1486 967 1529 ὅπλ’
995 1486 1231 1541 ἐπήνεγκεν
1251 1485 1273 1528 ὁ
1295 1484 1530 1538 ,ι’ῑῙακεδών,

185 1559 284 1602 ὥστ’
330 1560 433 1601 οὐδὲ
471 1559 679 1600 κατέθετο
717 1559 908 1613 πώποτε,
951 1557 1044 1599 ἀλλ’
1088 1556 1150 1598 ἔτι
1190 1557 1260 1598 καὶ
1298 1562 1383 1597 νῦν
1422 1553 1532 1611 ἔχων

186 1631 454 1685 περιέρχεται
481 1628 581 1671 καθ’
610 1631 715 1672 ὅσον
737 1630 933 1684 δύναται,
958 1630 1029 1670 καὶ
1048 1629 1242 1685 τοσούτῳ
1262 1634 1348 1669 νῦν
1367 1630 1533 1679 μᾶλλον

186 1703 211 1757 ἢ
251 1704 478 1756 πρότερον,
517 1702 602 1757 ὅσῳ
642 1700 687 1742 ἐκ
719 1701 1046 1755 προστάγματος
1079 1701 1237 1749 ἄλλους
1270 1697 1313 1740 θ’
1353 1698 1533 1753 ἑτέρωσε

187 1775 255 1816 καὶ
295 1775 372 1815 τὸν
410 1773 699 1826 παιδοτρίβην
732 1774 791 1821 εἰς
825 1775 1032 1813 Σικυῶνα
1064 1773 1318 1825 κατήγαγεν.
1370 1769 1533 1811 οὐκοῦν

188 1847 222 1886 εἰ
252 1846 318 1886 δεῖ
343 1845 581 1885 πείθεσθαι
607 1850 698 1892 ταῖς
719 1850 884 1892 κοιναῖς
906 1843 1166 1896 ὁμολογίαις,
1192 1841 1390 1894 καθάπερ
1412 1837 1535 1882 οὗτοί

188 1927 337 1970 φασιν,
368 1913 602 1956 ἔκσπονδοι
640 1915 739 1967 ημῖν
772 1916 883 1955 εἰσιν
916 1910 1042 1955 αὗται
1075 1914 1117 1954 αἱ
1150 1914 1296 1962 πόλεις
1329 1914 1372 1953 αἱ
1399 1916 1534 1953 ταῦτα

190 1985 573 2039 διαπεπραγμέναι.
619 1987 655 2026 εἰ
682 1985 761 2038 μὲν
788 1982 869 2026 οὗν
897 1986 962 2026 δεῖ
989 1983 1332 2037 ἐπικρύπτεσθαι
1353 1981 1535 2036 τάληθῆ,

191 2057 322 2099 οὐδὲν
355 2058 422 2098 δεῖ
455 2056 597 2109 λέγειν
631 2056 696 2097 ὅτι
729 2057 841 2097 εἰσὶν
874 2057 915 2097 αἱ
944 2056 1262 2097 ᾹΙακεδονικαύ
1308 2055 1344 2096 εἰ
1378 2051 1414 2095 δ’
1455 2052 1535 2094 οὐκ

191 2128 366 2170 ανιᾶσιν
402 2128 440 2169 οἱ
475 2125 573 2168 καθ’
606 2127 729 2179 ὑμῶν
755 2132 813 2184 τῷ
834 2128 1062 2169 ἆῘακεδόνι
1089 2125 1298 2180 ὑπηρέται
1324 2123 1535 2178 προστάτ-

192 2215 338 2248 τοντες
365 2198 570 2250 πράττειν
597 2199 647 2239 τὰ
675 2197 721 2240 ἐν
748 2205 839 2248 ταῖς
867 2205 1031 2247 κοιναῖς
1059 2197 1320 2251 ὁμολογίαις,
1345 2198 1535 2237 πεισθῶ-

1542 439 1558 464 5

1549 793 1581 817 10

1551 920 1628 954 216
1654 938 1655 942 =

1553 1146 1584 1172 15

1554 1855 1586 1881 25

1556 2211 1590 2237 30
