1689 2531
101 82 192 126 xm]
556 82 672 114 HEPI
697 80 989 119 ΣΤΝΤΑΞΕῼΣ
1361 80 1443 122 153

7 181 82 217 169
101 176 182 228 μὲν
206 176 351 218 ἄλλων
367 174 372 233 Ι
388 175 569 226 οὐδενὸς
595 175 740 226 οὐδεὶς
765 175 987 231 μέμνηται,
1011 184 1108 219 τοῖν
1134 177 1262 219 δυοῖν
1282 174 1318 218 δ’
1345 176 1445 230 ὀβο-

102 250 200 288 λοῖν
237 246 433 296 ἅπαντες.
487 248 629 288 καίτοι
670 249 774 297 τοὺς
812 247 892 299 μὲν
937 247 1017 289 οὐκ
1054 246 1145 289 ἔστι
1181 248 1381 297 πλείονος
1418 246 1444 301 ἢ

103 317 231 359 δυοῖν
274 317 453 370 ὀβολοῖν
496 316 643 368 ἀξίους
686 313 818 372 εἶναι,
866 319 1001 360 τᾶλλα
1045 318 1093 360 δὲ
1135 319 1241 371 μετὰ
1277 318 1446 359 τούτων

103 384 166 429 ὧν
209 383 334 430 εἷπον
376 394 465 429 τῶν
507 387 719 442 βασιλέως
763 386 842 438 ἄξι’
894 387 984 430 ἐστὶ
1027 389 1275 444 χρημάτων,
1316 389 1447 430 πόλιν

68 477 83 503 5
101 459 339 508 τοσούτους
383 459 559 508 ὁπλίτας
596 457 785 514 ἔχουσαν
827 459 899 501 καὶ
941 461 1130 514 τριήρεις
1174 460 1246 502 καὶ
1289 460 1447 509 ἵππους

103 529 175 571 καὶ
213 528 444 584 χρημάτων
480 530 704 584 πρόσοδον
743 530 1035 585 συντετάχθαι
1073 531 1145 572 καὶ
1182 530 1446 585 παρεσκευά-

105 603 223 642 σθαι.

169 671 222 713 Τί
245 667 328 713 οὖν
352 677 487 712 ταῦτα
512 677 598 713 νῦν
619 671 649 726 [,
668 672 775 725 φαίη
795 687 859 721 τις
880 671 964 726 ἄν,]
987 671 1115 726 λέγω;
1136 672 1202 713 ὅτι
1223 671 1333 726 φημὶ
1354 672 1449 714 δεῖν
1476 684 1516 714 11

104 741 228 796 ὑμᾶς,
254 739 401 796 ἐπειδὴ
427 742 475 783 τὸ
502 742 582 794 μὲν
606 742 769 791 πάντας
795 746 1091 797 μισθοφορεῖν
1111 743 1451 797 δυσχεραίνουσί
1473 731 1537 756 1¹4

53 831 86 855 ιο
104 827 232 866 τινες,
265 812 313 854 τὸ
350 813 398 854 δὲ
432 816 734 867 συνταχθῆναι
772 813 843 854 καὶ
879 817 1298 867 παρασκευασθῆναι
1332 814 1448 867 παρὰ

106 883 285 925 πάντων
309 885 522 938 χρήσιμον
548 879 660 925 εἶναι
687 883 970 938 δοκιμάζεται,
996 883 1206 926 ἐντεῦθεν
1232 883 1449 939 ἄρξασθαι

107 960 185 996 τοῦ
205 953 467 1008 πράγματος,
485 954 557 995 καὶ
576 957 812 1008 προθεῖναι
831 955 929 1008 περὶ
943 955 1111 996 τούτων
1124 960 1184 1012 τῷ
1196 954 1449 1011 βουλομένῳ

108 1024 287 1079 γνώμην
312 1023 639 1078 ἀποφήνασθαι.
678 1025 734 1074 ὡς
755 1024 890 1074 οὕτως
912 1023 1014 1080 ἔχει·
1053 1025 1107 1066 ἂν
1127 1026 1206 1078 μὲν
1225 1025 1347 1078 ὑμεῖς
1366 1031 1451 1067 νῦν

108 1098 319 1150 πεισθῆτε
349 1095 518 1137 τούτων
549 1096 704 1149 καιρὸν
737 1091 862 1150 εἶναι,
893 1096 998 1137 ὅταν
1030 1096 1175 1138 αὐτῶν
1210 1097 1270 1146 εἰς
1302 1097 1452 1151 χρείαν

55 1185 88 1210 15
108 1163 277 1220 ἔλθητε,
296 1163 426 1219 ἕτοιμ’
452 1166 651 1219 ὑπάρξει·
684 1165 738 1207 ἂν
758 1164 794 1207 δ’
821 1165 1024 1221 ἀκαιρίαν
1042 1167 1308 1221 ἡγησάμενοι
1327 1168 1452 1221 παρί-

110 1237 223 1291 δητε,
261 1237 366 1279 ὅταν
403 1236 479 1294 δέῃ
517 1241 720 1291 χρῆσθαι,
757 1235 841 1278 τότ’
886 1236 1280 1291 ἀναγκασθήσεσθε
1317 1252 1453 1291 παρα-

110 1308 409 1360 σκευάζεσθαι.

159 1376 272 1433 ’Ήδη
300 1378 350 1421 δέ
372 1394 436 1429 τις
463 1375 583 1421 εἶπεν
610 1376 641 1420 ὦ
669 1380 824 1432 ἄνδρες
840 1377 1068 1433 Ἀθηναῖοί
1091 1394 1176 1421 που
1197 1379 1348 1434 λέγων,
1374 1379 1452 1434 οὐχ
1482 1390 1522 1419 12

109 1450 233 1502 ὑμῶν
257 1456 346 1491 τῶν
370 1453 564 1504 πολλῶν,
595 1449 703 1491 ἀλλὰ
728 1457 816 1491 τῶν
843 1450 1231 1504 διαρρηγνυμένων
1256 1451 1293 1492 εἰ
1319 1455 1454 1491 ταῦτα
1471 1436 1578 1498 KRH

57 1539 91 1564 20
109 1522 354 1575 γενήσεται·
397 1522 464 1575 ,,τί
500 1518 537 1562 δ’
578 1522 682 1574 ημῖν
716 1520 799 1562 ἀπὸ
835 1527 923 1561 τῶν
957 1521 1276 1574 Λημοσθένους
1313 1522 1455 1575 λόγων
1474 1531 1551 1556 VIII
1564 1532 1596 1556 ⁷3

111 1590 285 1645 ἀγαθὸν
315 1590 517 1645 γέγονεν;
554 1592 791 1645 παρελθὼν
828 1592 962 1645 ἡμῶν,
999 1592 1163 1633 ὁπόταν
1195 1591 1311 1648 αὐτῷ
1338 1590 1455 1648 δόξῃ,
1474 1590 1582 1651 KRH

112 1660 319 1716 ἐνέπλησε
353 1663 406 1703 τὰ
441 1659 528 1703 ὦτα
563 1663 718 1716 λόγων,
752 1662 823 1703 καὶ
859 1661 1032 1716 διέσυρε
1063 1662 1115 1703 τὰ
1146 1663 1354 1717 παρόντα,
1383 1662 1455 1703 καὶ

111 1734 213 1782 τοὺς
244 1734 490 1786 προγόνους
524 1731 746 1790 ἐπῄνεσεν,
776 1733 848 1774 καὶ
874 1734 1134 1786 μετεωρίσας
1159 1732 1231 1774 καὶ
1257 1734 1456 1787 φυσήσας

112 1804 221 1857 ἡμᾶς
246 1803 441 1857 κατέβη.“
480 1802 562 1857 ἐγὼ
591 1801 627 1844 δ’
661 1804 697 1845 εἰ
724 1803 803 1855 μὲν
829 1803 938 1854 ὑμᾶς
966 1803 1183 1857 δυναίμην
1203 1800 1264 1844 ὧν
1285 1802 1394 1857 λέγω
1414 1818 1456 1844 τι
1484 1815 1525 1845 13

61 1891 93 1916 25
114 1883 272 1928 πεῖσαι,
285 1872 502 1927 τηλικαῦτ’
529 1873 583 1915 ἂν
604 1869 722 1926 οἶμαι
742 1874 822 1927 τὴν
835 1875 965 1915 πόλιν
984 1872 1141 1927 πρᾶξαι
1162 1873 1322 1927 ἀγαθά,
1341 1871 1458 1928 ὥστ’,

114 1946 151 1987 εἰ
182 1950 268 1986 νῦν
300 1946 438 1986 εἰπεῖν
471 1943 800 1999 ἐπιχειρήσαιμι,
830 1946 1019 1993 πολλοὺς
1052 1943 1106 1985 ἄν
1137 1944 1369 1998 ἀπιστῆσαι
1401 1945 1457 1994 ὡς

113 2017 305 2068 μείζοσιν
330 2014 355 2068 ἢ
384 2016 604 2064 δυνατοῖς·
644 2015 696 2056 οὐ
716 2016 802 2069 μὴν
822 2015 925 2056 οὐδὲ
944 2021 1074 2056 τοῦτο
1094 2016 1251 2069 μικρὸν
1271 2015 1458 2069 ὠφελεῖν

115 2082 253 2140 οἶμαι,
284 2087 321 2128 εἰ
353 2087 406 2127 τὰ
436 2083 620 2139 βέλτιστ’
658 2085 835 2127 ἀκούειν
866 2085 975 2138 ὑμᾶς
1008 2087 1234 2137 συνεθίζω.
1279 2086 1345 2128 δεῖ
1375 2086 1457 2140 γὰρ

19 2160 95 2195 170
116 2153 148 2198 ὦ
174 2157 332 2211 ἄνδρες
348 2154 572 2210 Ἀθηναῖοι
598 2157 676 2198 τὸν
701 2156 986 2211 βουὶλόμενόν
1012 2172 1053 2198 τι
1079 2162 1257 2209 ποιῆσαι
1282 2157 1363 2211 τὴν
1382 2157 1458 2198 πό-

62 2244 96 2269 30
118 2231 188 2269 λιν
219 2228 342 2281 ἡμῶν
373 2226 546 2281 ἀγαθὸν
577 2228 630 2268 τὰ
662 2224 749 2269 ὦτα
774 2235 948 2282 πρῶτον
973 2227 1097 2280 ὑμῶν
1124 2228 1351 2269 ἰάσασθαι·
1395 2228 1458 2270 δι-
