<?xml version="1.0" encoding="UTF-8"?>
<!DOCTYPE html PUBLIC "-//W3C//DTD XHTML 1.0 Transitional//EN"
    "http://www.w3.org/TR/xhtml1/DTD/xhtml1-transitional.dtd">
<html xmlns="http://www.w3.org/1999/xhtml" xml:lang="en" lang="en">
 <head>
  <title>
</title>
<meta http-equiv="Content-Type" content="text/html;charset=utf-8" />
  <meta name='ocr-system' content='tesseract 3.04.00' />
  <meta name='ocr-capabilities' content='ocr_page ocr_carea ocr_par ocr_line ocrx_word'/>
</head>
<body>
  <div class='ocr_page' id='page_1' title='image "./demosthenisorati0101demouoft_0119.png"; bbox 0 0 1689 2531; ppageno 0'>
   <div class='ocr_carea' id='block_1_1' title="bbox 73 863 105 889">
    <p class='ocr_par' dir='ltr' id='par_1_1' title="bbox 73 863 105 889">
     <span class='ocr_line' id='line_1_1' title="bbox 73 863 105 889; baseline -0.031 0"><span class='ocrx_word' id='word_1_1' title='bbox 73 863 105 889; x_wconf 84' lang='lat'><em>10</em></span> 
     </span>
    </p>
   </div>
   <div class='ocr_carea' id='block_1_2' title="bbox 75 1217 107 1241">
    <p class='ocr_par' dir='ltr' id='par_1_2' title="bbox 75 1217 107 1241">
     <span class='ocr_line' id='line_1_2' title="bbox 75 1217 107 1241; baseline 0 0"><span class='ocrx_word' id='word_1_2' title='bbox 75 1217 107 1241; x_wconf 76' lang='lat'><em>15</em></span> 
     </span>
    </p>
   </div>
   <div class='ocr_carea' id='block_1_3' title="bbox 76 1569 110 1595">
    <p class='ocr_par' dir='ltr' id='par_1_3' title="bbox 76 1569 110 1595">
     <span class='ocr_line' id='line_1_3' title="bbox 76 1569 110 1595; baseline -0.029 0"><span class='ocrx_word' id='word_1_3' title='bbox 76 1569 110 1595; x_wconf 82' lang='lat'><em>20</em></span> 
     </span>
    </p>
   </div>
   <div class='ocr_carea' id='block_1_4' title="bbox 80 1924 113 1949">
    <p class='ocr_par' dir='ltr' id='par_1_4' title="bbox 80 1924 113 1949">
     <span class='ocr_line' id='line_1_4' title="bbox 80 1924 113 1949; baseline -0.061 0"><span class='ocrx_word' id='word_1_4' title='bbox 80 1924 113 1949; x_wconf 81' lang='lat'><em>25</em></span> 
     </span>
    </p>
   </div>
   <div class='ocr_carea' id='block_1_5' title="bbox 83 2276 116 2300">
    <p class='ocr_par' dir='ltr' id='par_1_5' title="bbox 83 2276 116 2300">
     <span class='ocr_line' id='line_1_5' title="bbox 83 2276 116 2300; baseline -0.03 0"><span class='ocrx_word' id='word_1_5' title='bbox 83 2276 116 2300; x_wconf 81' lang='lat'><em>30</em></span> 
     </span>
    </p>
   </div>
   <div class='ocr_carea' id='block_1_6' title="bbox 0 0 59 2531">
    <p class='ocr_par' dir='ltr' id='par_1_6' title="bbox 0 0 59 2531">
     <span class='ocr_line' id='line_1_6' title="bbox 0 0 59 2531; baseline 0 0"><span class='ocrx_word' id='word_1_6' title='bbox 0 0 59 2531; x_wconf 95' lang='lat' dir='ltr'><em> </em></span> 
     </span>
    </p>
   </div>
   <div class='ocr_carea' id='block_1_7' title="bbox 125 107 1470 156">
    <p class='ocr_par' dir='ltr' id='par_1_7' title="bbox 125 107 1470 156">
     <span class='ocr_line' id='line_1_7' title="bbox 125 107 1470 156; baseline -0.001 -14"><span class='ocrx_word' id='word_1_7' title='bbox 125 113 181 156; x_wconf 79' lang='lat' dir='ltr'><em>1x]</em></span> <span class='ocrx_word' id='word_1_8' title='bbox 567 111 693 143; x_wconf 87' lang='grc' dir='ltr'><strong>ΚΑΤΑ</strong></span> <span class='ocrx_word' id='word_1_9' title='bbox 719 109 971 142; x_wconf 80' lang='grc' dir='ltr'><em>ΦΙΛΙΠΠΟΤ</em></span> <span class='ocrx_word' id='word_1_10' title='bbox 997 110 1026 141; x_wconf 91' lang='grc' dir='ltr'>Γ</span> <span class='ocrx_word' id='word_1_11' title='bbox 1386 107 1470 147; x_wconf 79' lang='grc'><em>113</em></span> 
     </span>
    </p>
   </div>
   <div class='ocr_carea' id='block_1_8' title="bbox 122 203 1477 1534">
    <p class='ocr_par' dir='ltr' id='par_1_8' title="bbox 122 203 1473 898">
     <span class='ocr_line' id='line_1_8' title="bbox 124 203 1470 261; baseline -0.004 -12"><span class='ocrx_word' id='word_1_12' title='bbox 124 223 189 257; x_wconf 84' lang='grc' dir='ltr'><em>κις</em></span> <span class='ocrx_word' id='word_1_13' title='bbox 220 207 303 261; x_wconf 80' lang='grc' dir='ltr'><em>γὰρ</em></span> <span class='ocrx_word' id='word_1_14' title='bbox 335 203 469 260; x_wconf 78' lang='grc' dir='ltr'><em>ἔμοιγ’</em></span> <span class='ocrx_word' id='word_1_15' title='bbox 508 204 751 258; x_wconf 78' lang='grc' dir='ltr'><strong><em>ἐπελήλυθε</em></strong></span> <span class='ocrx_word' id='word_1_16' title='bbox 788 204 859 246; x_wconf 81' lang='grc' dir='ltr'><em>καὶ</em></span> <span class='ocrx_word' id='word_1_17' title='bbox 890 210 1020 246; x_wconf 89' lang='grc' dir='ltr'><em>τοῦτο</em></span> <span class='ocrx_word' id='word_1_18' title='bbox 1053 205 1310 257; x_wconf 82' lang='grc' dir='ltr'><em>φοβεῖσθαι,</em></span> <span class='ocrx_word' id='word_1_19' title='bbox 1341 205 1397 257; x_wconf 83' lang='grc' dir='ltr'><em>μή</em></span> <span class='ocrx_word' id='word_1_20' title='bbox 1430 218 1470 244; x_wconf 89' lang='grc' dir='ltr'><em>τι</em></span> 
     </span>
     <span class='ocr_line' id='line_1_9' title="bbox 125 273 1470 333; baseline -0.004 -14"><span class='ocrx_word' id='word_1_21' title='bbox 125 279 355 331; x_wconf 88' lang='grc' dir='ltr'><em>δαιμόνιον</em></span> <span class='ocrx_word' id='word_1_22' title='bbox 374 277 426 318; x_wconf 77' lang='grc' dir='ltr'><em>τὰ</em></span> <span class='ocrx_word' id='word_1_23' title='bbox 445 273 656 331; x_wconf 76' lang='grc' dir='ltr'><em>πράγματ’</em></span> <span class='ocrx_word' id='word_1_24' title='bbox 683 274 877 333; x_wconf 78' lang='grc' dir='ltr'><em>ἐλαύνῃ),</em></span> <span class='ocrx_word' id='word_1_25' title='bbox 896 275 1005 316; x_wconf 84' lang='grc' dir='ltr'><em>ὥστε</em></span> <span class='ocrx_word' id='word_1_26' title='bbox 1026 276 1259 329; x_wconf 78' lang='grc' dir='ltr'><em>λοιδορίας,</em></span> <span class='ocrx_word' id='word_1_27' title='bbox 1279 276 1470 329; x_wconf 90' lang='grc' dir='ltr'><em>φθόνου,</em></span> 
     </span>
     <span class='ocr_line' id='line_1_10' title="bbox 126 343 1470 402; baseline -0.003 -13"><span class='ocrx_word' id='word_1_28' title='bbox 126 349 395 402; x_wconf 81' lang='grc' dir='ltr'><em>σκώμματος,</em></span> <span class='ocrx_word' id='word_1_29' title='bbox 425 345 600 401; x_wconf 79' lang='grc' dir='ltr'><em>ἧστινος</em></span> <span class='ocrx_word' id='word_1_30' title='bbox 627 346 681 388; x_wconf 78' lang='grc' dir='ltr'><em>ἂν</em></span> <span class='ocrx_word' id='word_1_31' title='bbox 706 345 861 402; x_wconf 84' lang='grc' dir='ltr'><em>τύχηθ’</em></span> <span class='ocrx_word' id='word_1_32' title='bbox 893 343 1001 388; x_wconf 82' lang='grc' dir='ltr'><em>ἕνεκ’</em></span> <span class='ocrx_word' id='word_1_33' title='bbox 1033 346 1170 394; x_wconf 86' lang='grc' dir='ltr'><em>αἰτίας</em></span> <span class='ocrx_word' id='word_1_34' title='bbox 1206 344 1470 399; x_wconf 79' lang='grc' dir='ltr'><em>ἀνθρώπους</em></span> 
     </span>
     <span class='ocr_line' id='line_1_11' title="bbox 122 415 1472 472; baseline -0.002 -12"><span class='ocrx_word' id='word_1_35' title='bbox 122 419 385 472; x_wconf 89' lang='grc' dir='ltr'><em>μισθωτούς,</em></span> <span class='ocrx_word' id='word_1_36' title='bbox 410 415 473 460; x_wconf 81' lang='grc' dir='ltr'><em>ὧν</em></span> <span class='ocrx_word' id='word_1_37' title='bbox 492 416 585 460; x_wconf 88' lang='grc' dir='ltr'><em>οὐδ’</em></span> <span class='ocrx_word' id='word_1_38' title='bbox 619 417 673 460; x_wconf 78' lang='grc' dir='ltr'><em>ἂν</em></span> <span class='ocrx_word' id='word_1_39' title='bbox 693 417 931 472; x_wconf 80' lang='grc' dir='ltr'><em>ἀρνηθεῖεν</em></span> <span class='ocrx_word' id='word_1_40' title='bbox 955 415 1079 472; x_wconf 81' lang='grc' dir='ltr'><em>ἔνιοι,</em></span> <span class='ocrx_word' id='word_1_41' title='bbox 1104 417 1161 466; x_wconf 85' lang='grc' dir='ltr'><em>ὡς</em></span> <span class='ocrx_word' id='word_1_42' title='bbox 1181 416 1261 458; x_wconf 84' lang='grc' dir='ltr'><em>οὐκ</em></span> <span class='ocrx_word' id='word_1_43' title='bbox 1282 417 1365 458; x_wconf 83' lang='grc' dir='ltr'><em>εἰσὶ</em></span> <span class='ocrx_word' id='word_1_44' title='bbox 1384 431 1472 457; x_wconf 92' lang='grc' dir='ltr'><em>τοι-</em></span> 
     </span>
     <span class='ocr_line' id='line_1_12' title="bbox 128 488 1471 544; baseline -0.002 -13"><span class='ocrx_word' id='word_1_45' title='bbox 128 495 263 544; x_wconf 81' lang='grc' dir='ltr'><em>οῦτοι,</em></span> <span class='ocrx_word' id='word_1_46' title='bbox 282 489 425 543; x_wconf 90' lang='grc' dir='ltr'><em>λέγειν</em></span> <span class='ocrx_word' id='word_1_47' title='bbox 444 488 664 544; x_wconf 75' lang='grc' dir='ltr'><em>κελεύεΙτε,</em></span> <span class='ocrx_word' id='word_1_48' title='bbox 683 489 753 530; x_wconf 82' lang='grc' dir='ltr'><em>καὶ</em></span> <span class='ocrx_word' id='word_1_49' title='bbox 773 492 938 542; x_wconf 82' lang='grc' dir='ltr'><em>γελᾶτε,</em></span> <span class='ocrx_word' id='word_1_50' title='bbox 957 489 1012 529; x_wconf 78' lang='grc' dir='ltr'><em>ἄν</em></span> <span class='ocrx_word' id='word_1_51' title='bbox 1031 498 1118 529; x_wconf 90' lang='grc' dir='ltr'><em>τισι</em></span> <span class='ocrx_word' id='word_1_52' title='bbox 1133 488 1471 541; x_wconf 86' lang='grc' dir='ltr'><em>λοιδορηθῶσιν.</em></span> 
     </span>
     <span class='ocr_line' id='line_1_13' title="bbox 124 557 1472 615; baseline -0.002 -14"><span class='ocrx_word' id='word_1_53' title='bbox 124 561 195 602; x_wconf 82' lang='grc' dir='ltr'><em>καὶ</em></span> <span class='ocrx_word' id='word_1_54' title='bbox 227 560 327 615; x_wconf 84' lang='grc' dir='ltr'><em>οὐχί</em></span> <span class='ocrx_word' id='word_1_55' title='bbox 356 574 422 601; x_wconf 91' lang='grc' dir='ltr'><em>πω</em></span> <span class='ocrx_word' id='word_1_56' title='bbox 454 566 584 601; x_wconf 88' lang='grc' dir='ltr'><em>τοῦτο</em></span> <span class='ocrx_word' id='word_1_57' title='bbox 617 561 784 614; x_wconf 91' lang='grc' dir='ltr'><em>δεινόν,</em></span> <span class='ocrx_word' id='word_1_58' title='bbox 810 561 961 613; x_wconf 84' lang='grc' dir='ltr'><em>καίπερ</em></span> <span class='ocrx_word' id='word_1_59' title='bbox 990 559 1042 601; x_wconf 85' lang='grc' dir='ltr'><em>ὃν</em></span> <span class='ocrx_word' id='word_1_60' title='bbox 1068 559 1234 600; x_wconf 92' lang='grc' dir='ltr'><em>δεινόν·</em></span> <span class='ocrx_word' id='word_1_61' title='bbox 1267 557 1375 599; x_wconf 78' lang='grc' dir='ltr'><em>ἀλλὰ</em></span> <span class='ocrx_word' id='word_1_62' title='bbox 1402 558 1472 599; x_wconf 80' lang='grc' dir='ltr'><em>καὶ</em></span> 
     </span>
     <span class='ocr_line' id='line_1_14' title="bbox 123 629 1473 685; baseline -0.002 -13"><span class='ocrx_word' id='word_1_63' title='bbox 123 632 228 683; x_wconf 82' lang='grc' dir='ltr'><em>μετὰ</em></span> <span class='ocrx_word' id='word_1_64' title='bbox 253 632 453 680; x_wconf 84' lang='grc' dir='ltr'><em>πλείονος</em></span> <span class='ocrx_word' id='word_1_65' title='bbox 479 630 717 685; x_wconf 79' lang='grc' dir='ltr'><em>ἀσφαλείας</em></span> <span class='ocrx_word' id='word_1_66' title='bbox 738 630 1048 672; x_wconf 90' lang='grc' dir='ltr'><em>πολιτεύεσθαι</em></span> <span class='ocrx_word' id='word_1_67' title='bbox 1069 629 1284 671; x_wconf 84' lang='grc' dir='ltr'><em>δεδώκατε</em></span> <span class='ocrx_word' id='word_1_68' title='bbox 1304 629 1473 677; x_wconf 86' lang='grc' dir='ltr'><em>τούτοις</em></span> 
     </span>
     <span class='ocr_line' id='line_1_15' title="bbox 123 697 1473 756; baseline -0.002 -13"><span class='ocrx_word' id='word_1_69' title='bbox 123 701 148 755; x_wconf 83' lang='grc' dir='ltr'><em>η’</em></span> <span class='ocrx_word' id='word_1_70' title='bbox 175 708 265 751; x_wconf 92' lang='grc' dir='ltr'><em>τοῖς</em></span> <span class='ocrx_word' id='word_1_71' title='bbox 291 701 400 756; x_wconf 78' lang='grc' dir='ltr'><em>ὑπὲρ</em></span> <span class='ocrx_word' id='word_1_72' title='bbox 426 701 551 753; x_wconf 85' lang='grc' dir='ltr'><em>ὑμῶν</em></span> <span class='ocrx_word' id='word_1_73' title='bbox 583 701 771 755; x_wconf 89' lang='grc' dir='ltr'><em>λέγουσι.</em></span> <span class='ocrx_word' id='word_1_74' title='bbox 809 702 949 742; x_wconf 86' lang='grc' dir='ltr'><em>καίτοι</em></span> <span class='ocrx_word' id='word_1_75' title='bbox 981 697 1197 741; x_wconf 80' lang='grc' dir='ltr'><em>θεάσασθ’</em></span> <span class='ocrx_word' id='word_1_76' title='bbox 1230 700 1333 749; x_wconf 84' lang='grc' dir='ltr'><em>ὅσας</em></span> <span class='ocrx_word' id='word_1_77' title='bbox 1368 710 1473 752; x_wconf 89' lang='grc' dir='ltr'><em>συμ-</em></span> 
     </span>
     <span class='ocr_line' id='line_1_16' title="bbox 125 769 1473 828; baseline -0.003 -13"><span class='ocrx_word' id='word_1_78' title='bbox 125 774 264 828; x_wconf 82' lang='grc' dir='ltr'><em>φορὰς</em></span> <span class='ocrx_word' id='word_1_79' title='bbox 290 772 602 827; x_wconf 79' lang='grc' dir='ltr'><em>παρασκευάζει</em></span> <span class='ocrx_word' id='word_1_80' title='bbox 627 772 675 813; x_wconf 89' lang='grc' dir='ltr'><em>τὸ</em></span> <span class='ocrx_word' id='word_1_81' title='bbox 696 779 784 813; x_wconf 83' lang='grc' dir='ltr'><em>τῶν</em></span> <span class='ocrx_word' id='word_1_82' title='bbox 804 771 1016 813; x_wconf 86' lang='grc' dir='ltr'><em>τοιούτων</em></span> <span class='ocrx_word' id='word_1_83' title='bbox 1031 769 1203 812; x_wconf 79' lang='grc' dir='ltr'><em>ἐθέλειν</em></span> <span class='ocrx_word' id='word_1_84' title='bbox 1217 770 1473 825; x_wconf 79' lang='grc' dir='ltr'><em>ἀκροᾶσθαι.</em></span> 
     </span>
     <span class='ocr_line' id='line_1_17' title="bbox 127 841 872 898; baseline -0.004 -12"><span class='ocrx_word' id='word_1_85' title='bbox 127 843 231 894; x_wconf 80' lang='grc' dir='ltr'><em>λέξω</em></span> <span class='ocrx_word' id='word_1_86' title='bbox 259 843 306 885; x_wconf 83' lang='grc' dir='ltr'><em>δ’</em></span> <span class='ocrx_word' id='word_1_87' title='bbox 330 841 419 898; x_wconf 80' lang='grc' dir='ltr'><em>ἔργ’</em></span> <span class='ocrx_word' id='word_1_88' title='bbox 453 843 478 885; x_wconf 78' lang='grc' dir='ltr'><em>ἃ</em></span> <span class='ocrx_word' id='word_1_89' title='bbox 504 843 660 892; x_wconf 87' lang='grc' dir='ltr'><em>πάντες</em></span> <span class='ocrx_word' id='word_1_90' title='bbox 688 842 872 884; x_wconf 83' lang='grc' dir='ltr'><em>εἴσεσθε.</em></span> 
     </span>
    </p>

    <p class='ocr_par' dir='ltr' id='par_1_9' title="bbox 126 910 1477 1534">
     <span class='ocr_line' id='line_1_18' title="bbox 178 910 1474 970; baseline -0.003 -13"><span class='ocrx_word' id='word_1_91' title='bbox 178 910 319 957; x_wconf 59' lang='grc' dir='ltr'><em>ἴΗσαν</em></span> <span class='ocrx_word' id='word_1_92' title='bbox 352 913 399 956; x_wconf 78' lang='grc' dir='ltr'><em>ἐν</em></span> <span class='ocrx_word' id='word_1_93' title='bbox 419 912 622 970; x_wconf 80' lang='grc' dir='ltr'><em>Ὀλύνθῳ</em></span> <span class='ocrx_word' id='word_1_94' title='bbox 654 921 742 955; x_wconf 86' lang='grc' dir='ltr'><em>τῶν</em></span> <span class='ocrx_word' id='word_1_95' title='bbox 774 912 822 954; x_wconf 80' lang='grc' dir='ltr'><em>ἐν</em></span> <span class='ocrx_word' id='word_1_96' title='bbox 853 920 942 962; x_wconf 89' lang='grc' dir='ltr'><em>τοῖς</em></span> <span class='ocrx_word' id='word_1_97' title='bbox 974 913 1224 967; x_wconf 85' lang='grc' dir='ltr'><em>πράγμασιν</em></span> <span class='ocrx_word' id='word_1_98' title='bbox 1255 912 1369 962; x_wconf 70' lang='grc' dir='ltr'><em>τινες</em></span> <span class='ocrx_word' id='word_1_99' title='bbox 1395 912 1474 964; x_wconf 79' lang='grc' dir='ltr'><em>μὲν</em></span> 
     </span>
     <span class='ocr_line' id='line_1_19' title="bbox 131 980 1474 1040; baseline -0.003 -12"><span class='ocrx_word' id='word_1_100' title='bbox 131 987 352 1028; x_wconf 90' lang='grc' dir='ltr'><em>Φιλίππου</em></span> <span class='ocrx_word' id='word_1_101' title='bbox 372 985 443 1027; x_wconf 83' lang='grc' dir='ltr'><em>καὶ</em></span> <span class='ocrx_word' id='word_1_102' title='bbox 463 982 597 1026; x_wconf 87' lang='grc' dir='ltr'><em>πάνθ’</em></span> <span class='ocrx_word' id='word_1_103' title='bbox 617 984 935 1038; x_wconf 87' lang='grc' dir='ltr'><em>ὑπηρετοῦντες</em></span> <span class='ocrx_word' id='word_1_104' title='bbox 957 982 1119 1040; x_wconf 78' lang='grc' dir='ltr'><em>ἐκείνῳ,</em></span> <span class='ocrx_word' id='word_1_105' title='bbox 1144 983 1257 1032; x_wconf 83' lang='grc' dir='ltr'><em>τινὲς</em></span> <span class='ocrx_word' id='word_1_106' title='bbox 1279 980 1315 1024; x_wconf 87' lang='grc' dir='ltr'><em>δ’</em></span> <span class='ocrx_word' id='word_1_107' title='bbox 1342 984 1382 1025; x_wconf 78' lang='grc' dir='ltr'><em>οἱ</em></span> <span class='ocrx_word' id='word_1_108' title='bbox 1396 989 1474 1024; x_wconf 91' lang='grc' dir='ltr'><em>τοῦ</em></span> 
     </span>
     <span class='ocr_line' id='line_1_20' title="bbox 126 1054 1475 1111; baseline -0.003 -13"><span class='ocrx_word' id='word_1_109' title='bbox 126 1058 354 1111; x_wconf 88' lang='grc' dir='ltr'><em>βελτίστου</em></span> <span class='ocrx_word' id='word_1_110' title='bbox 387 1056 458 1097; x_wconf 82' lang='grc' dir='ltr'><em>καὶ</em></span> <span class='ocrx_word' id='word_1_111' title='bbox 493 1057 606 1105; x_wconf 85' lang='grc' dir='ltr'><em>ὅπως</em></span> <span class='ocrx_word' id='word_1_112' title='bbox 638 1057 694 1109; x_wconf 88' lang='grc' dir='ltr'><em>μὴ</em></span> <span class='ocrx_word' id='word_1_113' title='bbox 728 1055 1048 1096; x_wconf 80' lang='grc' dir='ltr'><em>δουλεύσουσιν</em></span> <span class='ocrx_word' id='word_1_114' title='bbox 1079 1055 1119 1096; x_wconf 77' lang='grc' dir='ltr'><em>οἱ</em></span> <span class='ocrx_word' id='word_1_115' title='bbox 1146 1057 1318 1096; x_wconf 89' lang='grc' dir='ltr'><em>πολῖται</em></span> <span class='ocrx_word' id='word_1_116' title='bbox 1344 1054 1475 1108; x_wconf 89' lang='grc' dir='ltr'><em>πράτ-</em></span> 
     </span>
     <span class='ocr_line' id='line_1_21' title="bbox 127 1124 1475 1181; baseline -0.002 -12"><span class='ocrx_word' id='word_1_117' title='bbox 127 1142 287 1177; x_wconf 88' lang='grc' dir='ltr'><em>τοντες.</em></span> <span class='ocrx_word' id='word_1_118' title='bbox 318 1128 494 1181; x_wconf 89' lang='grc' dir='ltr'><em>πότεροι</em></span> <span class='ocrx_word' id='word_1_119' title='bbox 515 1127 567 1180; x_wconf 85' lang='grc' dir='ltr'><em>δὴ</em></span> <span class='ocrx_word' id='word_1_120' title='bbox 588 1127 668 1180; x_wconf 78' lang='grc' dir='ltr'><em>τὴν</em></span> <span class='ocrx_word' id='word_1_121' title='bbox 688 1124 857 1180; x_wconf 77' lang='grc' dir='ltr'><em>πατρίδ’</em></span> <span class='ocrx_word' id='word_1_122' title='bbox 879 1124 1111 1176; x_wconf 82' lang='grc' dir='ltr'><em>ἐξώλεσαν;</em></span> <span class='ocrx_word' id='word_1_123' title='bbox 1138 1125 1163 1179; x_wconf 79' lang='grc' dir='ltr'>ἢ</span> <span class='ocrx_word' id='word_1_124' title='bbox 1184 1126 1359 1179; x_wconf 89' lang='grc' dir='ltr'><em>πότεροι</em></span> <span class='ocrx_word' id='word_1_125' title='bbox 1374 1127 1475 1174; x_wconf 85' lang='grc' dir='ltr'><em>τοὺς</em></span> 
     </span>
     <span class='ocr_line' id='line_1_22' title="bbox 129 1193 1474 1251; baseline -0.003 -11"><span class='ocrx_word' id='word_1_126' title='bbox 129 1197 281 1247; x_wconf 80' lang='grc' dir='ltr'><em>ἱππέας</em></span> <span class='ocrx_word' id='word_1_127' title='bbox 307 1198 576 1251; x_wconf 80' lang='grc' dir='ltr'><em>προῦδοσαν,</em></span> <span class='ocrx_word' id='word_1_128' title='bbox 602 1194 664 1239; x_wconf 80' lang='grc' dir='ltr'><em>ὧν</em></span> <span class='ocrx_word' id='word_1_129' title='bbox 690 1196 1005 1251; x_wconf 87' lang='grc' dir='ltr'><em>προδοθέντων</em></span> <span class='ocrx_word' id='word_1_130' title='bbox 1016 1193 1236 1244; x_wconf 88' lang='grc' dir='ltr'><em>Ὄλυνθος</em></span> <span class='ocrx_word' id='word_1_131' title='bbox 1263 1195 1474 1243; x_wconf 78' lang='grc' dir='ltr'><em>ἀπώλετο;</em></span> 
     </span>
     <span class='ocr_line' id='line_1_23' title="bbox 128 1264 1476 1322; baseline -0.003 -11"><span class='ocrx_word' id='word_1_132' title='bbox 128 1270 169 1311; x_wconf 79' lang='grc' dir='ltr'><em>οἱ</em></span> <span class='ocrx_word' id='word_1_133' title='bbox 195 1270 247 1310; x_wconf 82' lang='grc' dir='ltr'><em>τὰ</em></span> <span class='ocrx_word' id='word_1_134' title='bbox 279 1270 498 1311; x_wconf 90' lang='grc' dir='ltr'><em>Φιλίππου</em></span> <span class='ocrx_word' id='word_1_135' title='bbox 526 1274 797 1322; x_wconf 79' lang='grc' dir='ltr'><em>φρονοῦντες</em></span> <span class='ocrx_word' id='word_1_136' title='bbox 824 1269 907 1321; x_wconf 86' lang='grc' dir='ltr'><em>καί,</em></span> <span class='ocrx_word' id='word_1_137' title='bbox 934 1265 992 1308; x_wconf 88' lang='grc' dir='ltr'><em>ὅτ’</em></span> <span class='ocrx_word' id='word_1_138' title='bbox 1019 1264 1074 1320; x_wconf 78' lang='grc' dir='ltr'><em>ἧν</em></span> <span class='ocrx_word' id='word_1_139' title='bbox 1094 1268 1119 1320; x_wconf 79' lang='grc' dir='ltr'><em>ἡ</em></span> <span class='ocrx_word' id='word_1_140' title='bbox 1140 1268 1277 1321; x_wconf 88' lang='grc' dir='ltr'><em>πόλις,</em></span> <span class='ocrx_word' id='word_1_141' title='bbox 1302 1268 1404 1316; x_wconf 88' lang='grc' dir='ltr'><em>τοὺς</em></span> <span class='ocrx_word' id='word_1_142' title='bbox 1425 1267 1476 1308; x_wconf 82' lang='grc' dir='ltr'><em>τὰ</em></span> 
     </span>
     <span class='ocr_line' id='line_1_24' title="bbox 127 1336 1477 1393; baseline -0.002 -12"><span class='ocrx_word' id='word_1_143' title='bbox 127 1340 329 1393; x_wconf 84' lang='grc' dir='ltr'><em>βέλτιστα</em></span> <span class='ocrx_word' id='word_1_144' title='bbox 356 1339 561 1393; x_wconf 86' lang='grc' dir='ltr'><em>λέγοντας</em></span> <span class='ocrx_word' id='word_1_145' title='bbox 582 1345 962 1393; x_wconf 80' lang='grc' dir='ltr'><em>συκοφαντοῦντες</em></span> <span class='ocrx_word' id='word_1_146' title='bbox 982 1338 1053 1379; x_wconf 79' lang='grc' dir='ltr'><em>καὶ</em></span> <span class='ocrx_word' id='word_1_147' title='bbox 1075 1337 1382 1390; x_wconf 87' lang='grc' dir='ltr'><em>διαβάλλοντες</em></span> <span class='ocrx_word' id='word_1_148' title='bbox 1403 1336 1477 1379; x_wconf 77' lang='grc' dir='ltr'><em>οὕ-</em></span> 
     </span>
     <span class='ocr_line' id='line_1_25' title="bbox 128 1407 1476 1464; baseline -0.002 -12"><span class='ocrx_word' id='word_1_149' title='bbox 128 1426 223 1464; x_wconf 86' lang='grc' dir='ltr'><em>τως,</em></span> <span class='ocrx_word' id='word_1_150' title='bbox 253 1411 363 1451; x_wconf 86' lang='grc' dir='ltr'><em>ὥστε</em></span> <span class='ocrx_word' id='word_1_151' title='bbox 394 1411 472 1451; x_wconf 92' lang='grc' dir='ltr'><em>τόν</em></span> <span class='ocrx_word' id='word_1_152' title='bbox 497 1407 536 1463; x_wconf 91' lang='grc' dir='ltr'><em>γ’</em></span> <span class='ocrx_word' id='word_1_153' title='bbox 558 1407 881 1463; x_wconf 85' lang='grc' dir='ltr'><em>Ἀπολλωνίδην</em></span> <span class='ocrx_word' id='word_1_154' title='bbox 907 1409 978 1450; x_wconf 83' lang='grc' dir='ltr'><em>καὶ</em></span> <span class='ocrx_word' id='word_1_155' title='bbox 1011 1407 1212 1462; x_wconf 81' lang='grc' dir='ltr'><em>ἐκβαλεῖν</em></span> <span class='ocrx_word' id='word_1_156' title='bbox 1244 1408 1266 1449; x_wconf 89' lang='grc' dir='ltr'>ὁ</span> <span class='ocrx_word' id='word_1_157' title='bbox 1294 1409 1427 1461; x_wconf 81' lang='grc' dir='ltr'><em>δῆμος</em></span> <span class='ocrx_word' id='word_1_158' title='bbox 1454 1408 1476 1449; x_wconf 88' lang='grc' dir='ltr'>ὁ</span> 
     </span>
     <span class='ocr_line' id='line_1_26' title="bbox 129 1479 704 1534; baseline -0.003 -11"><span class='ocrx_word' id='word_1_159' title='bbox 129 1488 216 1523; x_wconf 87' lang='grc' dir='ltr'><em>τῶν</em></span> <span class='ocrx_word' id='word_1_160' title='bbox 236 1479 483 1522; x_wconf 86' lang='grc' dir='ltr'><em>Ὀλυνθίων</em></span> <span class='ocrx_word' id='word_1_161' title='bbox 510 1479 704 1534; x_wconf 83' lang='grc' dir='ltr'><em>ἐπείσθη.</em></span> 
     </span>
    </p>
   </div>
   <div class='ocr_carea' id='block_1_9' title="bbox 192 1548 1546 1603">
    <p class='ocr_par' dir='ltr' id='par_1_10' title="bbox 192 1548 1546 1603">
     <span class='ocr_line' id='line_1_27' title="bbox 192 1548 1546 1603; baseline -0.002 -10"><span class='ocrx_word' id='word_1_162' title='bbox 192 1552 256 1594; x_wconf 89' lang='grc' dir='ltr'><em>Οὐ</em></span> <span class='ocrx_word' id='word_1_163' title='bbox 283 1553 437 1593; x_wconf 88' lang='grc' dir='ltr'><em>τοίνυν</em></span> <span class='ocrx_word' id='word_1_164' title='bbox 468 1552 584 1603; x_wconf 79' lang='grc' dir='ltr'><em>παρὰ</em></span> <span class='ocrx_word' id='word_1_165' title='bbox 609 1551 780 1599; x_wconf 85' lang='grc' dir='ltr'><em>τούτοις</em></span> <span class='ocrx_word' id='word_1_166' title='bbox 812 1551 950 1602; x_wconf 91' lang='grc' dir='ltr'><em>μόνον</em></span> <span class='ocrx_word' id='word_1_167' title='bbox 976 1551 1024 1591; x_wconf 90' lang='grc' dir='ltr'><em>τὸ</em></span> <span class='ocrx_word' id='word_1_168' title='bbox 1051 1548 1155 1598; x_wconf 75' lang='grc' dir='ltr'><em>ἔθος</em></span> <span class='ocrx_word' id='word_1_169' title='bbox 1181 1556 1310 1591; x_wconf 87' lang='grc' dir='ltr'><em>τοῦτο</em></span> <span class='ocrx_word' id='word_1_170' title='bbox 1337 1550 1478 1591; x_wconf 87' lang='grc' dir='ltr'><em>πάντα</em></span> <span class='ocrx_word' id='word_1_171' title='bbox 1529 1560 1546 1571; x_wconf 63' lang='grc'><em>’-</em></span> 
     </span>
    </p>
   </div>
   <div class='ocr_carea' id='block_1_10' title="bbox 131 1619 1481 1957">
    <p class='ocr_par' dir='ltr' id='par_1_11' title="bbox 131 1619 1481 1957">
     <span class='ocr_line' id='line_1_28' title="bbox 131 1619 1480 1677; baseline -0.002 -13"><span class='ocrx_word' id='word_1_172' title='bbox 131 1620 221 1664; x_wconf 85' lang='grc' dir='ltr'><em>κάκ’</em></span> <span class='ocrx_word' id='word_1_173' title='bbox 261 1622 495 1676; x_wconf 83' lang='grc' dir='ltr'><em>ἠργάσατο,</em></span> <span class='ocrx_word' id='word_1_174' title='bbox 529 1623 688 1664; x_wconf 80' lang='grc' dir='ltr'><em>ἄλλοθι</em></span> <span class='ocrx_word' id='word_1_175' title='bbox 725 1620 762 1662; x_wconf 83' lang='grc' dir='ltr'><em>δ’</em></span> <span class='ocrx_word' id='word_1_176' title='bbox 804 1622 1018 1673; x_wconf 84' lang='grc' dir='ltr'><em>οὐδαμοῦ·</em></span> <span class='ocrx_word' id='word_1_177' title='bbox 1057 1619 1142 1662; x_wconf 75' lang='grc' dir='ltr'><em>ἀλλ’</em></span> <span class='ocrx_word' id='word_1_178' title='bbox 1189 1620 1236 1662; x_wconf 82' lang='grc' dir='ltr'><em>ἐν</em></span> <span class='ocrx_word' id='word_1_179' title='bbox 1277 1620 1480 1677; x_wconf 76' lang='grc' dir='ltr'><em>Ἐρετρίᾳ,</em></span> 
     </span>
     <span class='ocr_line' id='line_1_29' title="bbox 131 1691 1479 1747; baseline -0.002 -12"><span class='ocrx_word' id='word_1_180' title='bbox 131 1692 278 1747; x_wconf 78' lang='grc' dir='ltr'><em>ἐπειδὴ</em></span> <span class='ocrx_word' id='word_1_181' title='bbox 311 1692 632 1746; x_wconf 78' lang='grc' dir='ltr'><em>ἀπαλλαγέντος</em></span> <span class='ocrx_word' id='word_1_182' title='bbox 660 1692 950 1747; x_wconf 86' lang='grc' dir='ltr'><em>Πλουτάρχου</em></span> <span class='ocrx_word' id='word_1_183' title='bbox 982 1692 1053 1733; x_wconf 84' lang='grc' dir='ltr'><em>καὶ</em></span> <span class='ocrx_word' id='word_1_184' title='bbox 1078 1699 1166 1733; x_wconf 87' lang='grc' dir='ltr'><em>τῶν</em></span> <span class='ocrx_word' id='word_1_185' title='bbox 1193 1691 1330 1741; x_wconf 79' lang='grc' dir='ltr'><em>ξένων</em></span> <span class='ocrx_word' id='word_1_186' title='bbox 1356 1691 1378 1733; x_wconf 92' lang='grc' dir='ltr'>ὁ</span> <span class='ocrx_word' id='word_1_187' title='bbox 1406 1692 1479 1744; x_wconf 82' lang='grc' dir='ltr'><em>δῆ-</em></span> 
     </span>
     <span class='ocr_line' id='line_1_30' title="bbox 131 1759 1479 1819; baseline -0.001 -14"><span class='ocrx_word' id='word_1_188' title='bbox 131 1780 208 1816; x_wconf 89' lang='grc' dir='ltr'><em>μος</em></span> <span class='ocrx_word' id='word_1_189' title='bbox 241 1759 326 1819; x_wconf 84' lang='grc' dir='ltr'><em>εἶχε</em></span> <span class='ocrx_word' id='word_1_190' title='bbox 358 1765 439 1818; x_wconf 86' lang='grc' dir='ltr'><em>τὴν</em></span> <span class='ocrx_word' id='word_1_191' title='bbox 470 1765 600 1805; x_wconf 87' lang='grc' dir='ltr'><em>πόλιν</em></span> <span class='ocrx_word' id='word_1_192' title='bbox 626 1764 697 1804; x_wconf 83' lang='grc' dir='ltr'><em>καὶ</em></span> <span class='ocrx_word' id='word_1_193' title='bbox 723 1764 800 1804; x_wconf 91' lang='grc' dir='ltr'><em>τὸν</em></span> <span class='ocrx_word' id='word_1_194' title='bbox 827 1764 1064 1816; x_wconf 90' lang='grc' dir='ltr'><em>Πορθμόν,</em></span> <span class='ocrx_word' id='word_1_195' title='bbox 1097 1764 1137 1804; x_wconf 79' lang='grc' dir='ltr'><em>οἱ</em></span> <span class='ocrx_word' id='word_1_196' title='bbox 1164 1763 1244 1814; x_wconf 78' lang='grc' dir='ltr'><em>μὲν</em></span> <span class='ocrx_word' id='word_1_197' title='bbox 1271 1759 1337 1816; x_wconf 82' lang='grc' dir='ltr'><em>ἐφ’</em></span> <span class='ocrx_word' id='word_1_198' title='bbox 1370 1762 1479 1814; x_wconf 81' lang='grc' dir='ltr'><em>ὑμᾶς</em></span> 
     </span>
     <span class='ocr_line' id='line_1_31' title="bbox 131 1831 1480 1888; baseline -0.002 -12"><span class='ocrx_word' id='word_1_199' title='bbox 131 1832 241 1888; x_wconf 78' lang='grc' dir='ltr'><em>ἦγον</em></span> <span class='ocrx_word' id='word_1_200' title='bbox 275 1835 327 1876; x_wconf 80' lang='grc' dir='ltr'><em>τὰ</em></span> <span class='ocrx_word' id='word_1_201' title='bbox 361 1834 608 1888; x_wconf 88' lang='grc' dir='ltr'><em>πράγματα,</em></span> <span class='ocrx_word' id='word_1_202' title='bbox 643 1835 683 1875; x_wconf 80' lang='grc' dir='ltr'><em>οὶ</em></span> <span class='ocrx_word' id='word_1_203' title='bbox 720 1831 756 1875; x_wconf 82' lang='grc' dir='ltr'><em>δ’</em></span> <span class='ocrx_word' id='word_1_204' title='bbox 797 1832 865 1875; x_wconf 82' lang='grc' dir='ltr'><em>ἐπὶ</em></span> <span class='ocrx_word' id='word_1_205' title='bbox 897 1835 1127 1875; x_wconf 87' lang='grc' dir='ltr'><em>Φίλιππον.</em></span> <span class='ocrx_word' id='word_1_206' title='bbox 1173 1833 1405 1882; x_wconf 81' lang='grc' dir='ltr'><em>ἀκούοντες</em></span> <span class='ocrx_word' id='word_1_207' title='bbox 1433 1832 1480 1873; x_wconf 83' lang='grc' dir='ltr'><em>δὲ</em></span> 
     </span>
     <span class='ocr_line' id='line_1_32' title="bbox 134 1904 1481 1957; baseline -0.003 -10"><span class='ocrx_word' id='word_1_208' title='bbox 134 1905 301 1947; x_wconf 89' lang='grc' dir='ltr'><em>τούτων</em></span> <span class='ocrx_word' id='word_1_209' title='bbox 332 1906 384 1946; x_wconf 84' lang='grc' dir='ltr'><em>τὰ</em></span> <span class='ocrx_word' id='word_1_210' title='bbox 416 1906 555 1947; x_wconf 83' lang='grc' dir='ltr'><em>πολλὰ</em></span> <span class='ocrx_word' id='word_1_211' title='bbox 586 1908 753 1957; x_wconf 80' lang='grc' dir='ltr'><em>μᾶλλον</em></span> <span class='ocrx_word' id='word_1_212' title='bbox 787 1906 826 1945; x_wconf 84' lang='grc' dir='ltr'><em>οἱ</em></span> <span class='ocrx_word' id='word_1_213' title='bbox 860 1905 1124 1957; x_wconf 85' lang='grc' dir='ltr'><em>ταλαίπωροι</em></span> <span class='ocrx_word' id='word_1_214' title='bbox 1156 1904 1227 1944; x_wconf 82' lang='grc' dir='ltr'><em>καὶ</em></span> <span class='ocrx_word' id='word_1_215' title='bbox 1254 1904 1481 1957; x_wconf 87' lang='grc' dir='ltr'><em>δυστυχεῖς</em></span> 
     </span>
    </p>
   </div>
   <div class='ocr_carea' id='block_1_11' title="bbox 127 1973 1481 2030">
    <p class='ocr_par' dir='ltr' id='par_1_12' title="bbox 127 1973 1481 2030">
     <span class='ocr_line' id='line_1_33' title="bbox 127 1973 1481 2030; baseline -0.003 -12"><span class='ocrx_word' id='word_1_216' title='bbox 127 1973 371 2030; x_wconf 87' lang='grc' dir='ltr'><em>Ἐρετριεῖς,</em></span> <span class='ocrx_word' id='word_1_217' title='bbox 397 1979 679 2024; x_wconf 86' lang='grc' dir='ltr'><em>τελευτῶντες</em></span> <span class='ocrx_word' id='word_1_218' title='bbox 708 1974 977 2029; x_wconf 81' lang='grc' dir='ltr'><em>ἐπείσθησαν</em></span> <span class='ocrx_word' id='word_1_219' title='bbox 996 1976 1097 2023; x_wconf 87' lang='grc' dir='ltr'><em>τοὺς</em></span> <span class='ocrx_word' id='word_1_220' title='bbox 1118 1974 1227 2027; x_wconf 79' lang='grc' dir='ltr'><em>ὑπὲρ</em></span> <span class='ocrx_word' id='word_1_221' title='bbox 1249 1974 1394 2015; x_wconf 85' lang='grc' dir='ltr'><em>αὑτῶν</em></span> <span class='ocrx_word' id='word_1_222' title='bbox 1416 1973 1481 2014; x_wconf 88' lang='grc' dir='ltr'><em>λε’-</em></span> 
     </span>
    </p>
   </div>
   <div class='ocr_carea' id='block_1_12' title="bbox 134 2043 1482 2241">
    <p class='ocr_par' dir='ltr' id='par_1_13' title="bbox 134 2043 1482 2241">
     <span class='ocr_line' id='line_1_34' title="bbox 134 2043 1481 2100; baseline -0.002 -12"><span class='ocrx_word' id='word_1_223' title='bbox 134 2062 290 2100; x_wconf 90' lang='grc' dir='ltr'><em>γοντας</em></span> <span class='ocrx_word' id='word_1_224' title='bbox 318 2045 554 2099; x_wconf 82' lang='grc' dir='ltr'><em>ἐκβάλλειν.</em></span> <span class='ocrx_word' id='word_1_225' title='bbox 587 2047 657 2087; x_wconf 81' lang='grc' dir='ltr'><em>καὶ</em></span> <span class='ocrx_word' id='word_1_226' title='bbox 683 2046 765 2099; x_wconf 89' lang='grc' dir='ltr'><em>γάρ</em></span> <span class='ocrx_word' id='word_1_227' title='bbox 792 2061 858 2087; x_wconf 93' lang='grc' dir='ltr'><em>τοι</em></span> <span class='ocrx_word' id='word_1_228' title='bbox 879 2046 1046 2098; x_wconf 81' lang='grc' dir='ltr'><em>πέμψας</em></span> <span class='ocrx_word' id='word_1_229' title='bbox 1061 2043 1311 2087; x_wconf 83' lang='grc' dir='ltr'><em>Ἱππόνικον</em></span> <span class='ocrx_word' id='word_1_230' title='bbox 1332 2044 1353 2086; x_wconf 89' lang='grc' dir='ltr'><strong>ὁ</strong></span> <span class='ocrx_word' id='word_1_231' title='bbox 1376 2044 1481 2096; x_wconf 79' lang='grc' dir='ltr'><em>σύμ-</em></span> 
     </span>
     <span class='ocr_line' id='line_1_35' title="bbox 134 2116 1482 2172; baseline -0.001 -14"><span class='ocrx_word' id='word_1_232' title='bbox 134 2133 266 2172; x_wconf 89' lang='grc' dir='ltr'><em>μαχος</em></span> <span class='ocrx_word' id='word_1_233' title='bbox 293 2120 440 2166; x_wconf 86' lang='grc' dir='ltr'><em>αὐτοῖς</em></span> <span class='ocrx_word' id='word_1_234' title='bbox 472 2118 685 2166; x_wconf 88' lang='grc' dir='ltr'><em>Φίλιππος</em></span> <span class='ocrx_word' id='word_1_235' title='bbox 706 2117 777 2158; x_wconf 82' lang='grc' dir='ltr'><em>καὶ</em></span> <span class='ocrx_word' id='word_1_236' title='bbox 797 2116 948 2166; x_wconf 80' lang='grc' dir='ltr'><em>ξένους</em></span> <span class='ocrx_word' id='word_1_237' title='bbox 968 2116 1133 2171; x_wconf 87' lang='grc' dir='ltr'><em>χιλίους</em></span> <span class='ocrx_word' id='word_1_238' title='bbox 1153 2116 1206 2157; x_wconf 83' lang='grc' dir='ltr'><em>τὰ</em></span> <span class='ocrx_word' id='word_1_239' title='bbox 1225 2116 1342 2169; x_wconf 91' lang='grc' dir='ltr'><em>τείχη</em></span> <span class='ocrx_word' id='word_1_240' title='bbox 1362 2129 1482 2168; x_wconf 89' lang='grc' dir='ltr'><em>περι-</em></span> 
     </span>
     <span class='ocr_line' id='line_1_36' title="bbox 137 2183 1482 2241; baseline -0.002 -12"><span class='ocrx_word' id='word_1_241' title='bbox 137 2191 222 2229; x_wconf 88' lang='grc' dir='ltr'><em>εῖλε</em></span> <span class='ocrx_word' id='word_1_242' title='bbox 248 2194 326 2229; x_wconf 90' lang='grc' dir='ltr'><em>τοῦ</em></span> <span class='ocrx_word' id='word_1_243' title='bbox 348 2191 567 2241; x_wconf 87' lang='grc' dir='ltr'><em>Πορθμοῦ</em></span> <span class='ocrx_word' id='word_1_244' title='bbox 594 2188 665 2228; x_wconf 82' lang='grc' dir='ltr'><em>καὶ</em></span> <span class='ocrx_word' id='word_1_245' title='bbox 690 2194 804 2240; x_wconf 88' lang='grc' dir='ltr'><em>τρεῖς</em></span> <span class='ocrx_word' id='word_1_246' title='bbox 830 2187 1062 2241; x_wconf 84' lang='grc' dir='ltr'><em>κατέστησε</em></span> <span class='ocrx_word' id='word_1_247' title='bbox 1088 2186 1346 2240; x_wconf 83' lang='grc' dir='ltr'><em>τυράννους,</em></span> <span class='ocrx_word' id='word_1_248' title='bbox 1362 2183 1482 2226; x_wconf 87' lang='grc' dir='ltr'><em>Ἵππ-</em></span> 
     </span>
    </p>
   </div>
   <div class='ocr_carea' id='block_1_13' title="bbox 140 2255 1481 2366">
    <p class='ocr_par' dir='ltr' id='par_1_14' title="bbox 140 2255 1481 2366">
     <span class='ocr_line' id='line_1_37' title="bbox 140 2255 1481 2313; baseline -0.002 -13"><span class='ocrx_word' id='word_1_249' title='bbox 140 2273 288 2313; x_wconf 86' lang='grc' dir='ltr'><em>αρχον,</em></span> <span class='ocrx_word' id='word_1_250' title='bbox 320 2258 644 2313; x_wconf 84' lang='grc' dir='ltr'><em>Αὐτομέδοντα,</em></span> <span class='ocrx_word' id='word_1_251' title='bbox 680 2260 967 2312; x_wconf 86' lang='grc' dir='ltr'><em>Κλείταρχον·</em></span> <span class='ocrx_word' id='word_1_252' title='bbox 1007 2258 1078 2298; x_wconf 82' lang='grc' dir='ltr'><em>καὶ</em></span> <span class='ocrx_word' id='word_1_253' title='bbox 1110 2258 1215 2310; x_wconf 80' lang='grc' dir='ltr'><em>μετὰ</em></span> <span class='ocrx_word' id='word_1_254' title='bbox 1246 2255 1363 2298; x_wconf 88' lang='grc' dir='ltr'><em>ταῦτ’</em></span> <span class='ocrx_word' id='word_1_255' title='bbox 1397 2255 1481 2306; x_wconf 80' lang='grc' dir='ltr'><em>ἐξε-</em></span> 
     </span>
     <span class='ocr_line' id='line_1_38' title="bbox 207 2329 1292 2366; baseline -0.004 -7"><span class='ocrx_word' id='word_1_256' title='bbox 207 2334 379 2366; x_wconf 63' lang='grc' dir='ltr'><em>Βεκοετη.,</em></span> <span class='ocrx_word' id='word_1_257' title='bbox 391 2335 457 2359; x_wconf 81' lang='lat' dir='ltr'><strong>Vol.</strong></span> <span class='ocrx_word' id='word_1_258' title='bbox 471 2335 491 2358; x_wconf 75' lang='grc' dir='ltr'><em>Ι,</em></span> <span class='ocrx_word' id='word_1_259' title='bbox 1273 2329 1292 2359; x_wconf 86' lang='grc'>8</span> 
     </span>
    </p>
   </div>
   <div class='ocr_carea' id='block_1_14' title="bbox 1499 569 1542 599">
    <p class='ocr_par' dir='ltr' id='par_1_15' title="bbox 1499 569 1542 599">
     <span class='ocr_line' id='line_1_39' title="bbox 1499 569 1542 599; baseline -0.023 0"><span class='ocrx_word' id='word_1_260' title='bbox 1499 569 1542 599; x_wconf 82' lang='lat'><em>55</em></span> 
     </span>
    </p>
   </div>
   <div class='ocr_carea' id='block_1_15' title="bbox 1502 922 1545 953">
    <p class='ocr_par' dir='ltr' id='par_1_16' title="bbox 1502 922 1545 953">
     <span class='ocr_line' id='line_1_40' title="bbox 1502 922 1545 953; baseline -0.023 0"><span class='ocrx_word' id='word_1_261' title='bbox 1502 922 1545 953; x_wconf 81' lang='lat'><em>56</em></span> 
     </span>
    </p>
   </div>
   <div class='ocr_carea' id='block_1_16' title="bbox 1509 2054 1551 2085">
    <p class='ocr_par' dir='ltr' id='par_1_17' title="bbox 1509 2054 1551 2085">
     <span class='ocr_line' id='line_1_41' title="bbox 1509 2054 1551 2085; baseline 0 0"><span class='ocrx_word' id='word_1_262' title='bbox 1509 2054 1551 2085; x_wconf 78' lang='lat'><em>58</em></span> 
     </span>
    </p>
   </div>
  </div>
 </body>
</html>
