1689 2531
144 182 185 212 41

143 537 187 567 42

146 964 189 994 43

149 1319 194 1350 44

149 1675 192 1705 45

220 74 302 115 128
703 75 1077 108 ΔΗΜΟΣΘΕΝΟΤΣ
1525 78 1567 121 [X

216 168 363 211 ἑκόνθ’
395 169 638 212 ὑποτελεῖν.
683 170 827 224 ὥσπερ
853 172 1008 212 τοίνυν
1035 169 1131 221 ἑνὸς
1157 172 1280 226 ἡμῶν
1300 171 1483 214 ἑκάστου
1503 174 1566 222 τίς

215 239 305 282 ἐστι
331 240 501 295 γονεύς,
527 240 640 282 οὕτω
669 242 895 296 συμπάσης
922 248 996 295 τῆς
1022 243 1186 292 πόλεως
1211 245 1387 293 κοινοὺς
1408 244 1475 285 δεῖ
1493 259 1567 297 γο-

213 311 313 360 νέας
348 313 451 361 τοὺς
488 312 740 364 σύμπαντας
775 313 994 367 ἡγεῖσθαι,
1034 314 1106 355 καὶ
1140 316 1349 368 προσήκει
1383 314 1567 364 τούτους

216 382 294 436 οὐχ
324 383 438 432 ὅπως
465 379 528 424 ὧν
553 383 578 437 ἡ
607 384 731 432 πόλις
760 383 944 425 δίδωσιν
971 383 1215 437 ἀφελέσθαι
1241 400 1295 439 τι,
1321 383 1413 427 ἀλλ’
1439 386 1568 427 εἶκαὶ

213 453 351 508 μηδὲν
376 451 431 507 ἧν
457 454 639 508 τούτων,
664 454 858 495 ἄλλοθεν
885 461 1064 496 σκοπεῖν
1091 455 1205 505 ὅπως
1231 456 1417 510 μηδενὸς
1443 458 1565 506 ὄντες
1585 475 1601 500 5

217 523 378 574 ἐνδεεῖς
398 527 791 579 περιοφθήσονται.
826 527 927 574 τοὺς
942 525 1022 578 μὲν
1036 527 1191 568 τοίνυν
1206 526 1419 582 εὐπόρους
1433 527 1568 585 ταύτῃ

214 595 465 650 χρωμένους
485 603 536 651 τῇ
557 596 707 653 γνώμῃ
730 595 782 637 οὐ
803 597 942 648 μόνον
962 597 1153 650 ἡγοῦμαι
1172 598 1225 639 τὰ
1247 598 1394 639 δίκαια
1413 605 1570 653 ποιεῖν,

214 666 323 708 ἀλλὰ
348 667 420 707 καὶ
447 668 499 708 τὰ
526 670 747 721 λυσιτελῆ·
774 668 822 709 τὸ
849 669 931 722 γὰρ
959 675 1046 709 τῶν
1074 667 1325 722 ἀναγκαίων
1350 667 1432 711 τιν’
1464 669 1569 711 ἀπο-

216 745 384 792 στερεῖν
410 745 536 794 κοινῇ
561 739 776 788 κακόνους
803 737 893 780 ἐστὶ
919 746 1062 780 ποιεῖν
1088 741 1277 789 πολλοὺς
1303 739 1569 794 ἀνθρώπους

214 816 304 858 τοῖς
336 809 606 863 πράγμασιν·
638 816 728 859 τοῖς
762 807 798 850 δ’
834 808 881 851 ἐν
908 808 1066 867 ἐνδείᾳ,
1093 807 1148 851 δι’
1181 810 1202 852 ὃ
1231 811 1570 865 δυσχεραίνουσι
1591 828 1624 853 ιο

215 881 263 921 τὸ
285 879 443 934 πρᾶγμ’
471 881 510 922 οἱ
532 881 606 930 τὰς
628 880 778 930 οὐσίας
800 879 970 935 ἔχοντες
990 883 1061 923 καὶ
1076 888 1369 936 κατηγοροῦσι
1384 883 1572 937 δικαίως,

219 949 336 993 τοῦτ’
365 951 546 1005 ἀφελεῖν
567 951 621 993 ἂν
643 952 1030 1005 συμβουλεύσαιμι.
1064 953 1196 1006 δίειμι
1217 953 1277 1007 δέ,
1297 953 1440 1008 ὥσπερ
1462 954 1571 1007 ἄρτι,

216 1025 294 1065 τὸν
326 1023 461 1064 αὐτὸν
493 1024 658 1076 τρόπον
683 1023 754 1064 καὶ
780 1023 889 1077 ὑπὲρ
916 1030 1004 1064 τῶν
1031 1024 1244 1078 εὐπόρων,
1276 1024 1328 1065 οὐ
1354 1026 1563 1078 κατοκνή-

218 1106 294 1143 σας
323 1096 460 1136 εἰπεῖν
487 1093 670 1148 τάληθῆ.
723 1093 817 1147 ἐμοὶ
842 1095 925 1149 γὰρ
953 1094 1098 1145 οὐδεὶς
1126 1094 1263 1145 οὕτως
1290 1095 1446 1145 ἄθλιος
1472 1093 1564 1137 οὐδ’

217 1165 331 1218 ὠμὸς
352 1161 465 1207 εἶναι
487 1166 605 1206 δοκεῖ
626 1166 706 1219 τὴν
726 1166 917 1219 γνώμην,
939 1166 1103 1208 οὔκουν
1118 1163 1360 1220 Ἀθηναίων
1380 1182 1442 1221 γε,
1462 1167 1572 1208 ὥστε
1592 1183 1625 1208 15

219 1240 456 1278 λυπεῖσθαι
488 1242 624 1277 ταῦτα
659 1236 961 1289 λαμβάνοντας
995 1237 1112 1291 ὁρῶν
1144 1239 1245 1286 τοὺς
1278 1236 1470 1292 ἀπόρους
1501 1238 1573 1279 καὶ

219 1315 308 1349 τῶν
334 1307 584 1361 ἀναγκαίων
612 1306 773 1356 ἐνδεεῖς
799 1308 939 1357 ὄντας.
979 1307 1087 1349 ἀλλὰ
1112 1314 1198 1350 ποῦ
1226 1310 1504 1363 συντρίβεται
1523 1310 1572 1350 τὸ

218 1385 394 1433 πρᾶγμα
420 1379 491 1419 καὶ
517 1384 603 1419 ποῦ
626 1378 974 1433 δυσχεραίνεται;
1002 1379 1108 1420 ὅταν
1129 1380 1176 1421 τὸ
1197 1378 1281 1420 ἀπὸ
1302 1386 1391 1420 τῶν
1411 1387 1573 1422 κοινῶν

219 1448 322 1499 ἔθος
350 1448 419 1491 ἐπὶ
445 1450 496 1491 τὰ
523 1449 614 1490 ἴδια
640 1450 1005 1503 μεταβιβάζοντας
1033 1450 1169 1503 ὁρῶσί
1187 1466 1321 1504 τινας,
1345 1451 1417 1492 καὶ
1436 1450 1574 1505 μέγαν

219 1521 299 1574 μὲν
331 1522 437 1562 ὄντα
470 1518 568 1573 παρ’
607 1520 714 1573 ὑμῖν
747 1520 913 1570 εὐθέως
946 1522 1023 1562 τὸν
1050 1520 1245 1576 λέγοντα,
1276 1521 1503 1563 ἀθάνατον
1530 1519 1567 1563 δ’
1594 1539 1629 1564 20

220 1589 330 1633 ἕνεκ’
375 1591 629 1646 ἀσφαλείας,
673 1590 825 1646 ἑτέραν
865 1593 912 1634 δὲ
950 1593 1030 1646 τὴν
1069 1593 1267 1647 κρύβδην
1304 1599 1457 1647 ψῆφον
1494 1598 1572 1634 τοῦ

222 1670 421 1717 φανερῶς
461 1663 676 1716 θορύβου.
728 1661 847 1704 ταῦτ’
891 1662 1110 1718 ἀπιστίαν,
1147 1661 1266 1705 ταῦτ’
1305 1663 1443 1718 ὀργὴν
1475 1661 1572 1719 ἔχει.

221 1735 288 1775 δεῖ
318 1734 400 1788 γὰρ
429 1731 460 1775 ὦ
494 1735 651 1788 ἄνδρες
668 1732 894 1788 Ἀθηναῖοι
922 1735 1097 1784 δικαίως
1125 1733 1326 1788 ἀλλήλοις
1352 1741 1426 1788 τῆς
1452 1738 1574 1777 πολι-

219 1806 333 1854 τείας
360 1814 604 1860 κοινωνεῖν,
630 1807 731 1855 τοὺς
758 1806 838 1858 μὲν
865 1805 971 1847 εὐπό
988 1822 1092 1859 ρους
1119 1807 1178 1855 εἰς
1205 1806 1285 1858 μὲν
1303 1806 1382 1848 τὸν
1402 1807 1503 1859 βίον
1524 1806 1575 1847 τὰ
1597 1807 1670 1843 143

221 1875 388 1917 ἑαυτῶν
421 1875 627 1930 ἀσφαλῶς
661 1874 776 1930 ἔχειν
809 1878 1063 1929 νομίζοντας
1090 1877 1161 1918 καὶ
1186 1876 1296 1928 ὑπὲρ
1322 1877 1492 1918 τούτων
1516 1878 1573 1931 μὴ
1595 1893 1627 1920 25

222 1948 486 2001 δεδοικότας,
513 1948 572 1996 εἰς
600 1947 646 1989 δὲ
673 1949 775 1997 τοὺς
802 1948 1041 1997 κινδύνους
1066 1948 1192 1989 κοινὰ
1213 1947 1322 2001 ὑπὲρ
1343 1954 1418 2002 τῆς
1439 1959 1574 2002 σωτη-

221 2020 316 2071 ρίας
341 2019 394 2059 τὰ
420 2020 526 2060 ’ὄντα
552 2024 603 2073 τῇ
629 2019 806 2072 πατρίδι
827 2018 1108 2074 παρέχοντας,
1132 2020 1234 2068 τοὺς
1256 2019 1303 2060 δὲ
1324 2020 1505 2068 λοιποὺς
1523 2019 1575 2059 τὰ

220 2090 300 2142 μὲν
327 2090 453 2131 κοινὰ
479 2090 605 2131 κοινὰ
630 2091 884 2142 νομίζοντας
911 2091 981 2131 καὶ
1008 2090 1264 2145 μετέχοντας
1290 2091 1337 2131 τὸ
1358 2089 1499 2145 μέρος,
1523 2090 1575 2131 τὰ

223 2159 259 2202 δ’
294 2159 477 2203 ἑκάστου
505 2160 596 2202 ἴδια
621 2167 700 2202 τοῦ
721 2161 997 2215 κεκτημένου.
1037 2161 1149 2203 οὕτω
1170 2161 1241 2202 καὶ
1261 2161 1392 2215 μικρὰ
1411 2160 1574 2215 μεγάλη

219 2233 344 2281 πόλις
382 2235 579 2287 γίγνεται
612 2232 682 2273 καὶ
715 2233 879 2286 μεγάλη
914 2230 1099 2290 σῴζεται.
1146 2233 1201 2282 ὡς
1233 2232 1313 2285 μὲν
1346 2229 1428 2274 οὖν
1460 2231 1573 2273 εἴποι
1593 2248 1628 2273 30
