1689 2531
71 473 87 499 5

53 827 86 852 10

52 1181 84 1206 15

51 1535 84 1561 20

51 1889 84 1914 25

34 2087 82 2123 35

50 2243 84 2268 ³0

112 76 152 119 x]
555 75 682 107 ΚΑΤΑ
707 75 959 108 ΦΙΛΙΠΠΟΤ
984 77 1013 107 Δ
1371 75 1451 116 121

111 169 398 224 ἠδικημένους
429 170 514 212 ὑπὸ
546 171 780 225 Φιλίππου,
810 176 946 212 ταῦτα
979 170 1226 225 διεξῆλθον,
1258 168 1350 212 ἀλλ’
1382 171 1456 212 ἴνα

110 239 237 284 τοῦθ’
267 242 373 294 ὑμῖν
404 240 544 295 δείξω,
575 242 641 283 ὅτι
674 241 726 283 οὐ
759 243 960 296 στήσεται
991 242 1155 291 πάντας
1188 241 1454 295 ἀνθρώπους
1472 255 1516 280 1v
1528 256 1562 281 43

110 313 288 368 ἀδικῶν,
313 313 366 355 τὰ
392 310 430 354 δ’
455 310 532 367 ὑφ’
564 312 681 369 αὑτῷ
700 313 961 365 ποιούμενος
993 314 1219 367 Φίλιππος,
1245 314 1281 354 εἰ
1307 314 1364 366 μή
1390 328 1455 362 τις

109 384 244 426 αὐτὸν
268 384 466 426 κωλύσει.

166 455 269 497 Εἰσὶ
300 454 352 496 δέ
379 470 493 504 τινες
526 456 569 496 οἳ
598 455 704 508 πρὶν
730 454 913 497 ἀκοῦσαι
938 457 1040 505 τοὺς
1065 454 1174 509 ὑπὲρ
1207 461 1296 496 τῶν
1321 470 1456 509 πραγ-
1484 459 1566 528 lvlm

106 525 253 578 μάτων
291 527 448 580 λόγους
487 525 652 575 εὐθέως
690 526 902 567 εἰώθασιν
940 524 1121 580 ἐρωτᾶν·
1158 527 1227 580 ,,τί
1262 523 1344 568 οὖν
1375 527 1455 580 χρὴ
1483 540 1581 565 38-40

105 597 292 648 ποιεῖν;“
330 597 408 652 οὐχ
444 595 499 638 ἵν’
538 596 803 646 ἀκούσαντες
840 599 1083 650 ποιήσωσιν
1122 595 1456 653 (χρησιμώτατοι

105 668 187 722 γὰρ
217 666 273 709 ἂν
297 664 410 721 ἦσαν
436 666 679 723 ἁπάντων),
711 665 802 709 ἀλλ’
834 668 907 709 ἵνα
932 674 1010 710 τοῦ
1038 667 1241 722 λέγοντος
1267 667 1457 710 ἀπαλλα-

105 745 253 792 γῶσιν.
292 739 359 780 δεῖ
385 736 422 779 δ’
455 739 567 791 ὅμως
594 740 732 780 εἰπεῖν
759 739 780 780 ὅ
807 755 847 780 τι
873 739 953 793 χρὴ
979 745 1134 781 ποιεῖν.
1171 746 1346 792 πρῶτον
1377 739 1457 792 μὲν

106 807 138 851 ὦ
177 810 333 864 ἄνδρες
363 807 586 863 Ἀθηναῖοι
629 816 758 851 τοῦτο
796 807 896 864 παρ’
939 810 1045 862 ὑμῖν
1083 810 1229 860 αὐτοῖς
1271 811 1456 863 βεβαίως

103 887 282 935 γνῶναι,
311 880 376 922 ὅτι
401 887 453 936 τῇ
478 882 602 922 πόλει
633 882 846 930 Φίλιππος
873 884 1051 933 πολεμεῖ
1074 882 1145 922 καὶ
1170 896 1251 936 την
1277 883 1456 936 εἰρήνην

104 950 296 1006 λέλυκεν,
321 951 393 993 καὶ
417 953 631 1001 κακόνους
656 951 736 1004 μέν
763 951 853 993 ε’στι
879 952 949 993 καὶ
976 950 1134 1007 ἐχθρὸς
1161 953 1239 1009 ὅλῃ
1262 958 1313 1007 τῇ
1333 953 1456 994 πόλει

103 1022 174 1063 καὶ
205 1027 265 1079 τῷ
292 1028 367 1076 τῆς
396 1023 560 1072 πόλεως
587 1021 753 1077 ε’δάφει,
778 1024 1017 1076 προσθήσω
1046 1023 1093 1064 δὲ
1119 1023 1189 1064 καὶ
1215 1030 1305 1072 τοῖς
1332 1021 1379 1064 ἐν
1404 1030 1456 1078 τῇ

105 1093 228 1134 πόλει
253 1096 389 1145 θεοῖς,
417 1093 539 1148 οἵπερ
567 1093 702 1135 αὐτὸν
730 1092 986 1147 ἐξολέσειαν,
1011 1093 1162 1135 οὐδενὶ
1182 1093 1330 1145 μέντοι
1350 1097 1455 1146 μᾶλ-

106 1167 185 1206 λον
211 1163 235 1217 ἢ
261 1170 313 1219 τῇ
339 1165 534 1220 πολιτεία
564 1167 753 1218 πολεμεῖ,
784 1162 879 1206 οὐδ’
907 1162 1180 1217 ἐπιβουλεύει
1206 1165 1277 1206 καὶ
1305 1171 1456 1206 σκοπεῖ

104 1238 270 1287 μᾶλλον
296 1234 428 1276 οὐδὲν
453 1241 541 1276 τῶν
567 1235 744 1276 πάντων
769 1234 793 1288 ἢ
816 1242 904 1284 πῶς
925 1236 1089 1289 ταύτην
1108 1235 1351 1277 καταλύσει.
1384 1235 1455 1276 καὶ
1483 1238 1543 1306 ΙΞῙ

103 1303 218 1347 τοῦτ’
251 1303 292 1355 ἐξ
314 1304 502 1359 ἀνάγκης
522 1306 686 1359 τρόπον
706 1307 804 1347 τινὰ
823 1312 908 1347 νῦν
927 1303 966 1359 γ’
993 1305 1047 1347 ἂν
1067 1313 1195 1347 ποιοῖ.
1229 1308 1455 1360 λογίζεσθε
1482 1319 1580 1344 1'1-18

102 1375 197 1430 γάρ.
236 1376 386 1430 ἄρχειν
417 1377 640 1430 βούλεται,
671 1378 829 1418 τούτου
865 1374 901 1418 δ’
940 1376 1263 1430 ἀνταγωνιστὰς
1292 1378 1454 1429 μόνους

103 1446 345 1501 ὑπείληφεν
381 1447 502 1500 ὑμᾶς.
553 1447 693 1489 ἀδικεῖ
725 1450 866 1489 πολὺν
898 1449 1060 1502 χρόνον
1090 1448 1193 1502 ἤδη,
1231 1448 1301 1489 καὶ
1333 1445 1448 1489 τοῦτ’

105 1516 234 1567 αὐτὸς
272 1518 426 1572 ἄριστα
459 1518 667 1559 σύνοιδεν
699 1518 827 1575 αὐτῷ·
860 1512 923 1567 οἷς
956 1519 1037 1572 γὰρ
1072 1515 1200 1560 οὖσιν
1232 1517 1454 1572 ὑμετέροις

104 1586 190 1643 ἔχει
221 1592 430 1643 χρῆσθαι,
461 1589 633 1638 τούτοις
667 1589 835 1630 ἅπαντα
867 1590 1001 1630 τᾶλλα
1026 1591 1211 1642 βεβαίως
1238 1589 1453 1643 κέκτηται·

104 1660 140 1700 εἰ
171 1659 254 1713 γὰρ
276 1657 539 1713 Ἀμφίπολιν
571 1660 641 1701 καὶ
669 1661 937 1701 Ποτείδαιαν
968 1667 1163 1714 προεῖτο,
1196 1657 1290 1701 οὐδ’
1326 1659 1380 1701 ἂν
1407 1658 1455 1700 ἐν

106 1730 361 1787 Μακεδονία
393 1730 540 1782 μένειν
573 1730 777 1784 ἀσφαλῶς
811 1729 1006 1772 ἐδύνατο.
1045 1728 1252 1785 ἀμφότερ’
1285 1727 1366 1772 οὖν
1392 1726 1453 1771 οἷ-
1482 1744 1522 1774 13

104 1800 198 1854 δεν,
230 1801 301 1842 καὶ
333 1801 468 1842 αὑτὸν
499 1801 606 1853 ὑμῖν
638 1799 978 1854 ἐπιβουλεύοντα
1011 1802 1082 1842 καὶ
1108 1802 1218 1854 ὑμᾶς
1245 1803 1455 1842 αἰσθανο-

103 1870 279 1922 μένους·
306 1869 354 1913 εὖ
382 1879 567 1926 φρονεῖν
594 1869 631 1913 δ’
663 1872 772 1924 ὑμᾶς
798 1872 1123 1925 ὑπολαμβάνων
1149 1879 1293 1925 μισεῖν
1319 1872 1455 1913 αὑτὸν

102 1942 280 1995 ἡγεῖται.
312 1943 420 1996 πρὸς
449 1943 496 1984 δὲ
522 1943 692 1992 τούτοις
718 1944 942 1993 τοσούτοις
969 1940 1098 1985 οὖσιν
1118 1939 1239 1985 οἶδεν
1265 1943 1452 1996 ἀκριβῶς
1466 1944 1576 2010 Ᾱξὲξ

104 2013 182 2067 ὅτι,
207 2011 300 2055 οὐδ’
328 2013 382 2054 ἂν
409 2013 613 2055 ἁπάντων
632 2021 721 2055 τῶν
741 2014 885 2055 ἄλλων
904 2014 1080 2068 γένηται
1108 2015 1270 2067 κύριος,
1296 2014 1428 2055 οὐδὲν

104 2081 188 2125 ἔστ’
232 2084 348 2142 αὐτῷ
376 2086 561 2138 βεβαίως
595 2083 727 2140 ἔχειν,
759 2084 836 2134 ἕως
869 2085 923 2126 ἂν
954 2085 1074 2137 ὑμεῖς
1108 2086 1452 2138 δημοκρατῆσθε,

104 2152 194 2196 ἀλλ’
233 2153 310 2196 ε’άν
340 2170 443 2197 ποτε
476 2157 620 2210 συμβῇ
652 2171 691 2197 τι
725 2163 913 2208 πταῖσμα
947 2155 962 2196 (
966 2157 1103 2198 πολλὰ
1137 2153 1173 2197 δ’
1207 2155 1260 2196 ἂν
1289 2153 1446 2209 γένοιτ’

105 2224 358 2282 ἀνθρώπῳ),
383 2225 473 2280 ἥξει
500 2226 640 2268 πάντα
666 2227 718 2268 τὰ
742 2233 827 2269 νῦν
852 2226 1117 2280 βεβιασμένα
1143 2227 1211 2268 καὶ
1237 2226 1452 2279 καταφεύ-
