1689 2531
119 1007 160 1036 18

119 1646 160 1676 19

189 117 246 157 30
673 119 1049 152 ΔΗΜΟΣΘΕΝΟΤΣ
1468 120 1533 166 [m

189 226 321 269 σεται,
346 215 524 256 πάντων
547 215 746 269 αἴσχιστα
772 215 1034 267 πεισόμεθα;
1067 214 1146 269 οὐχ
1172 214 1261 270 οὕς,
1286 217 1322 257 εἰ
1349 218 1534 271 πολεμή-

189 297 330 340 σαιεν,
363 284 541 338 ἑτοίμως
569 286 728 327 σώσειν
753 285 1120 340 ὑπισχνούμεθα,
1151 283 1274 328 οὗτοι
1299 292 1385 328 νῦν
1410 290 1536 328 πολε-

188 363 366 410 μοῦσιν;
393 356 473 398 οὐκ
494 355 670 412 ἐχθρός;
692 355 772 397 οὐκ
793 354 903 410 ἔχων
923 356 975 396 τὰ
995 355 1196 410 ἡμέτερα;
1223 356 1275 398 οὐ
1295 357 1535 412 βάρβαρος;

190 428 268 482 οὐχ
302 428 324 469 ὅ
356 443 397 468 τι
425 427 479 469 ἂν
506 427 619 469 εἴποι
646 443 729 478 τις;
762 425 871 467 ἀλλὰ
896 427 1004 481 πρὸς
1030 430 1151 468 θεῶν
1176 426 1302 469 πάντ’
1333 427 1535 478 ἐάσαντες

188 499 258 540 καὶ
284 500 423 551 μόνον
449 497 546 552 οὐχὶ
574 496 1059 551 συγκατασκευάσαντες
1085 496 1211 554 αὐτῷ,
1233 499 1330 540 τότε
1349 501 1451 549 τοὺς
1471 501 1535 541 αἰ-

188 571 309 619 τίους
335 570 494 619 οἵτινες
519 569 689 610 τούτων
716 569 972 622 ζητήσομεν;
999 567 1050 609 οὐ
1078 568 1160 622 γὰρ
1188 568 1315 610 αὐτοί
1338 568 1377 623 γ’
1404 570 1535 612 α’ίτιοι

189 642 386 696 φήσομεν
413 636 538 694 εἶναι,
564 646 713 693 σαφῶς
740 634 839 680 οἶδα
864 636 979 680 τοῦτ’
1012 637 1107 692 ἐγώ.
1147 638 1250 681 οὐδὲ
1275 640 1357 695 γὰρ
1379 639 1426 682 ἐν
1446 648 1535 691 τοῖς

188 718 265 754 τοῦ
304 710 494 763 πολέμου
534 710 759 759 κινδύνοις
797 716 885 751 τῶν
924 710 1161 763 φυγόντων
1198 710 1341 760 οὐδεὶς
1378 710 1534 754 ἑαυτοῦ

187 789 435 837 κατηγορεῖ,
473 781 581 823 ἀλλὰ
615 787 693 822 τοῦ
728 786 972 835 στρατηγοῦ
1010 780 1082 822 καὶ
1119 787 1207 822 τῶν
1243 783 1430 835 πλησίον
1463 783 1535 824 καὶ

187 854 364 896 πάντων
389 856 569 907 μᾶλλον,
594 852 798 906 ἥττηνται
826 849 863 892 δ’
897 852 1009 904 ὅμως
1037 852 1110 892 διὰ
1134 851 1298 902 πάντας
1323 855 1425 903 τοὺς
1452 871 1535 909 φυ-

188 926 345 979 γόντας
384 925 543 978 δήπου·
581 922 729 975 μένειν
767 923 849 977 γὰρ
883 921 984 976 ἐξῆν
1015 926 1074 979 τῷ
1099 929 1416 978 κατηγοροῦντι
1448 932 1535 966 τῶν

188 997 352 1049 ἄλλων,
384 996 420 1036 εἰ
448 992 484 1036 δ’
513 993 647 1036 ἐποίει
675 991 801 1035 τοῦθ’
834 992 1025 1048 ἕκαστος,
1057 992 1213 1035 ἐνίκων
1239 994 1305 1036 ἄν.
1343 995 1414 1036 καὶ
1438 1002 1536 1050 νῦν,

188 1067 240 1109 οὐ
277 1066 391 1120 λέγει
426 1081 490 1115 τις
525 1066 577 1106 τὰ
611 1065 831 1118 βέλτιστα·
879 1063 1067 1114 ἀναστὰς
1102 1065 1230 1114 ἄλλος
1267 1065 1444 1120 εἰπάτω,
1477 1068 1534 1121 μὴ

187 1144 346 1180 τοῦτον
371 1137 598 1179 αἰτιάσθω.
637 1135 781 1190 ἕτερος
808 1134 922 1189 λέγει
942 1151 1005 1185 τις
1026 1136 1198 1189 βελτίω·
1223 1142 1359 1178 ταῦτα
1378 1136 1528 1179 ποιεῖτ’

188 1209 335 1264 ἀγαθῇ
355 1208 474 1265 τύχῃ.
513 1205 603 1248 ἀλλ’
632 1206 710 1262 οὐχ
731 1206 837 1260 ἡδέα
858 1212 1009 1247 ταῦτα·
1036 1205 1180 1248 οὐκέτι
1200 1204 1325 1248 τοῦθ’
1352 1207 1374 1249 ὁ
1396 1207 1535 1263 λέγων

188 1280 338 1322 ἀδικεῖ.
376 1279 491 1333 πλὴν
511 1280 548 1320 εἰ
570 1278 672 1320 δέον
692 1276 905 1327 εὔξασθαι
925 1278 1197 1331 παραλείπει·
1224 1276 1436 1327 εὔξασθαι
1455 1279 1535 1332 μὲν

189 1349 221 1393 ὦ
254 1351 410 1406 ἄνδρες
433 1354 659 1404 Αθηναῖοι
693 1347 867 1405 ῥᾴδιον,
901 1350 960 1397 εἷς
992 1348 1124 1390 ταύτὸ
1157 1346 1291 1390 πάνθ’
1325 1349 1405 1391 ὅσα
1429 1351 1535 1404 βού-

190 1423 310 1464 λεταί
338 1437 403 1471 τις
440 1418 697 1475 ἁθροίσαντ’
731 1418 778 1461 ἐν
811 1419 956 1476 ὀλίγῳ,
991 1418 1169 1461 ἑλέσθαι
1205 1420 1262 1474 δ’,
1297 1420 1402 1462 ὅταν
1435 1423 1534 1477 περὶ

188 1492 453 1548 πραγμάτων
490 1495 687 1547 προτεθῇ
721 1497 919 1544 σκοπεῖν,
951 1489 1099 1532 οὐκέθ’
1141 1490 1299 1543 ὁμοίως
1332 1492 1534 1548 εὔπορον,

188 1564 297 1605 ἀλλὰ
318 1565 384 1605 δεῖ
402 1564 454 1605 τὰ
473 1560 659 1617 βέλτιστ’
681 1561 778 1603 ἀντὶ
798 1568 886 1603 τῶν
906 1560 1060 1616 ἡδέων,
1080 1560 1134 1602 ἂν
1154 1562 1210 1616 μὴ
1233 1562 1526 1618 συναμφότερ’

189 1634 272 1691 ἐξῇ,
298 1634 549 1687 λαμβάνειν.
594 1634 630 1675 εἰ
658 1631 709 1674 δέ
731 1648 795 1682 τις
821 1633 926 1686 ἡμῖν
951 1630 1037 1687 ἔχει
1063 1632 1134 1674 καὶ
1159 1633 1212 1673 τὰ
1237 1634 1431 1688 θεωρικὰ
1457 1632 1533 1676 ἐᾶν

187 1707 258 1749 καὶ
295 1707 459 1760 πόρους
497 1703 670 1760 ἑτέρους
709 1703 853 1758 λέγειν
892 1703 1245 1758 στρατιωτικούς,
1288 1704 1367 1759 οὐχ
1406 1702 1532 1755 οὗτος

187 1779 412 1832 κρείττων;
446 1776 558 1817 εἴποι
590 1791 653 1824 τις
686 1775 751 1817 ἄν.
791 1772 896 1829 φήμ’
927 1772 1076 1828 ἔγωγε,
1107 1774 1225 1828 εἴπερ
1252 1772 1372 1816 ἔστιν
1398 1772 1430 1816 ὦ
1457 1776 1533 1817 ἄν-

188 1850 286 1903 δρες
303 1845 545 1901 Ἀθηναῖοι·
579 1845 688 1887 ἀλλὰ
714 1845 936 1900 θαυμάζω,
962 1845 1001 1887 εἴ
1024 1844 1083 1903 τῴ
1103 1842 1197 1886 ποτ’
1229 1844 1481 1900 ἀνθρώπων
1505 1845 1531 1900 ἢ

186 1919 370 1974 γέγονεν
403 1917 428 1971 ἢ
465 1918 713 1971 γενήσεται,
748 1916 802 1958 ἂν
837 1917 889 1958 τὰ
923 1913 1101 1971 παρόντ’
1141 1915 1345 1973 ἀναλώσῃ
1370 1918 1478 1971 πρὸς
1504 1917 1530 1959 ἃ

186 1991 242 2044 μὴ
271 1990 349 2044 δεῖ,
373 1996 461 2030 τῶν
487 1987 690 2030 ἀπόντων
717 1987 955 2042 εὐπορῆσαι
987 1988 1094 2042 πρὸς
1121 1986 1146 2028 ἃ
1174 1987 1250 2028 δεῖ.
1288 1984 1380 2028 ἀλλ’
1411 1982 1530 2040 οἶμαι

186 2060 294 2115 μέγα
318 2066 408 2109 τοῖς
433 2059 648 2108 τοιούτοις
673 2058 857 2113 ὑπάρχει
884 2059 1029 2112 λόγοις
1048 2058 1073 2112 ἡ
1093 2056 1192 2112 παρ’
1225 2056 1406 2099 ἑκάστου
1426 2058 1530 2111 βού-

187 2135 321 2186 λησις,
347 2131 498 2184 διόπερ
526 2130 688 2186 ῥᾷστον
714 2128 919 2170 ἁπάντων
946 2127 1064 2170 ἐστὶν
1090 2128 1226 2170 αὑτὸν
1252 2126 1530 2182 ἐξαπατῆσαι·

187 2203 209 2244 ὃ
236 2203 317 2256 γὰρ
336 2201 338 2239 ἔ
356 2201 579 2255 βούλεται,
611 2197 736 2242 τοῦθ’
769 2199 946 2249 ἕκαστος
972 2200 1042 2241 καὶ
1070 2199 1217 2253 οἴεται,
1241 2199 1293 2240 τὰ
1320 2199 1366 2240 δὲ
1395 2199 1529 2253 πράγ-

1555 291 1605 326 33

1555 517 1570 543 5

1556 873 1589 898 10

1555 1225 1588 1252 15

1553 1581 1587 1607 20

1550 1935 1584 1961 25

1548 2204 1599 2239 34

116 2286 159 2316 20
186 2289 297 2327 ματα
328 2272 534 2321 πολλάκις
567 2271 645 2326 οὐχ
673 2270 785 2313 οὕτω
812 2270 1019 2325 πέφυκεν.
1058 2267 1174 2325 ὁρᾶτ’
1206 2267 1288 2312 οὗν
1314 2267 1346 2311 ὦ
1373 2270 1529 2325 ἄνδρες
1548 2286 1583 2313 ³0
