1689 2531
94 68 152 114 w]
535 67 662 99 ΚΑΤΑ
688 67 794 98 ΦῙΛΙ
801 65 944 98 ΠΠοΤ
970 65 1002 97 Α
1380 63 1437 105 43

96 164 167 205 καὶ
198 168 276 205 τοῦ
310 167 553 217 στρατηγοῦ
585 161 657 202 καὶ
688 167 776 202 τῶν
806 167 1094 215 στρατιωτῶν,
1124 160 1290 212 μισθὸν
1315 160 1437 214 πορί-

98 245 256 283 σαντας
293 233 364 274 καὶ
403 231 664 287 στρατιώτας
707 232 894 281 οἰκείους
931 230 1076 285 ὥσπερ
1122 229 1308 279 ἐπόπτας
1350 237 1438 271 τῶν

99 302 489 359 στρατηγουμένων
508 304 994 357 παρακαταστήσαντας·
1020 299 1111 343 ἐπεὶ
1133 306 1218 342 νῦν
1237 316 1286 354 γε
1305 300 1439 354 γέλως

98 373 192 416 ἔσθ’
231 375 287 423 ὡς
324 374 531 429 χρώμεθα
564 379 654 422 τοῖς
689 372 950 427 πράγμασιν.
1002 373 1038 413 εἰ
1076 372 1158 426 γὰρ
1197 369 1338 425 ἔροιτό
1377 386 1440 420 τις

64 463 78 488 5
98 445 225 498 ὑμᾶς·
250 446 455 500 ,,εἰρήνην
482 441 595 498 ἄγετ’
622 440 654 484 ὦ
683 443 838 498 ἄνδρες
859 442 1131 497 Ἀθηναῖοι;“
1155 443 1238 497 ,,μὰ
1257 441 1334 484 ,Δί’
1361 441 1440 496 οὐχ

98 517 218 570 ἡμεῖς
244 513 326 570 γ’,“
351 511 501 557 εἴποιτ’
533 515 601 569 ἄν,
625 513 760 568 »ἀλλὰ
785 515 985 570 Φιλίππῳ
1012 513 1324 566 πολεμοῦμεν.“
1363 513 1442 554 οὐκ

101 586 407 642 ἐχειροτονεῖτε
445 583 482 627 δ’
522 584 564 635 ἐξ
602 584 726 637 ὑμῶν
765 584 910 626 αὐτῶν
948 583 1051 625 δέκα
1085 583 1340 638 ταξιάρχους
1372 584 1443 625 καὶ

101 658 368 712 στρατηγοὺς
393 656 465 698 καὶ
498 655 748 711 φυλάρχους
781 655 852 696 καὶ
884 655 1125 709 ἱππάρχους
1157 654 1257 709 δύο,
1288 656 1332 696 τί
1361 651 1444 696 οὖν

102 725 223 771 οὗτοι
254 733 448 779 ποιοῦσι;
481 727 594 781 πλὴν
624 725 720 775 ἑνὸς
747 725 921 780 ἀνδρός,
953 725 1004 766 ὃν
1038 724 1092 767 ἂν
1118 723 1347 779 ἐκπέμψητ’
1375 723 1444 766 ἐπὶ

50 816 83 842 ιο
101 800 179 841 τὸν
203 800 406 853 πόλεμον,
432 799 472 840 oz
501 797 644 839 λοιποὶ
663 797 738 846 τὰς
758 797 929 849 πομπὰς
950 796 1197 849 πέμπουσιν
1215 796 1321 849 ὑμῖν
1340 796 1445 848 μετὰ

102 877 190 912 τῶν
217 870 465 924 ἱεροποιῶν·
491 869 635 922 ὥσπερ
656 868 738 922 γὰρ
761 869 801 909 οἱ
822 867 1082 917 πλάττοντες
1102 869 1203 917 τοὺς
1223 868 1447 921 πηλίνους,

104 942 163 990 εἰς
195 941 275 995 τὴν
307 939 473 994 ἀγορὰν
504 945 791 994 χειροτονεῖτε
822 940 924 987 τοὺς
956 937 1211 993 ταξιάρχους
1243 938 1314 979 καὶ
1345 939 1446 987 τοὺς

1469 524 1512 554 26

105 1010 369 1066 φυλάρχους,
389 1010 469 1052 οὐκ
489 1009 558 1052 ἐπὶ
577 1011 656 1052 τὸν
675 1010 877 1061 πόλεμον.
907 1009 1043 1063 οὐγὰρ
1065 1007 1196 1064 ἐχρῆν
1216 1006 1248 1049 ὦ
1270 1009 1426 1063 ἄνδρες
1459 1019 1504 1049 27

100 1080 324 1135 Ἀθηναῖοι
351 1080 607 1135 ταξιάρχους
639 1077 738 1133 παρ’
770 1079 907 1133 ὑμῶν,
936 1079 1154 1133 ἵππαρχον
1181 1078 1282 1131 παρ’
1312 1079 1448 1133 ὑμῶν,

55 1171 87 1196 15
109 1153 320 1207 ἄρχοντας
347 1153 533 1201 οἰκείους
561 1146 686 1205 εἶναι,
716 1148 772 1192 ἵν’
803 1148 859 1204 ἧν
891 1150 946 1198 ὡς
979 1149 1154 1203 άληθῶς
1185 1157 1259 1204 τῆς
1285 1151 1449 1199 πόλεως

107 1223 132 1277 ἡ
160 1223 362 1275 δύναμις;
389 1220 480 1264 ἀλλ’
513 1223 573 1271 εἰς
599 1222 679 1274 μὲν
705 1224 887 1275 Λῆμνον
913 1221 990 1261 τὸν
1016 1218 1114 1273 παρ’
1143 1220 1267 1273 ὑμῶν
1293 1221 1450 1274 ἵππαρ-

109 1310 188 1349 χον
220 1294 286 1335 δεῑ
317 1296 457 1348 πλεῖν,
487 1299 574 1334 τῶν
607 1290 644 1333 δ’
675 1292 784 1346 ὑπὲρ
818 1299 905 1333 τῶν
934 1297 1008 1345 τῆς
1034 1292 1198 1340 πόλεως
1224 1291 1451 1344 κτημάτων

109 1363 441 1419 ἀγωνιζομένων
468 1363 702 1405 Μενέλαον
729 1364 971 1417 ἱππαρχεῖν.
1016 1361 1087 1402 καὶ
1119 1361 1171 1403 οὐ
1203 1362 1281 1403 τὸν
1313 1362 1452 1416 ἄνδρα

110 1436 383 1490 μεμφόμενος
403 1440 537 1475 ταῦτα
558 1433 681 1488 λέγω,
707 1431 797 1474 ἀλλ’
818 1431 892 1487 ὑφ’
912 1432 1036 1485 ὑμῶν
1056 1430 1143 1473 ἔδει
1157 1448 1453 1487 κεχειροτονη-

59 1524 93 1549 20
113 1505 246 1559 μένον
273 1501 385 1547 εἶναι
410 1511 581 1559 τοῦτον,
608 1505 723 1554 ὅστις
752 1504 806 1545 ἂν
831 1505 868 1562 ἡ.

160 1576 285 1626 Ἴσως
306 1576 353 1618 δὲ
373 1583 508 1618 ταῦτα
527 1576 606 1628 μὲν
628 1576 772 1629 ὀρθῶς
793 1575 973 1628 ἡγεῖσθε
992 1573 1211 1628 λέγεσθαι,
1229 1575 1277 1615 τὸ
1299 1574 1346 1615 δὲ
1366 1580 1453 1614 τῶν

113 1646 354 1702 χρημάτων,
379 1648 492 1689 πόσα
511 1647 582 1688 καὶ
602 1647 744 1688 πόθεν
765 1644 897 1699 ἔσται,
921 1645 1106 1697 μάλιστα
1131 1642 1299 1686 ποθεῖτ’
1326 1643 1454 1686 ἀκοῦ-

115 1728 197 1759 σαι.
240 1723 369 1759 τοῦτο
397 1718 449 1772 δὴ
475 1717 547 1758 καὶ
573 1718 776 1770 περαίνω.
815 1717 1008 1770 χρήματα
1033 1717 1204 1757 τοίνυν·
1230 1713 1350 1756 ἔστιν
1375 1715 1454 1767 μὲν

114 1789 140 1842 ἡ
174 1790 329 1843 τροφή,
360 1788 608 1842 σιτηρέσιον
639 1789 790 1841 μόνον,
820 1793 871 1842 τῇ
904 1786 1086 1838 δυνάμει
1117 1786 1252 1843 ταύτῃ
1277 1783 1449 1827 τάλαντ’

63 1877 96 1902 85
118 1857 378 1912 ἐνενήκοντα
404 1859 475 1900 καὶ
500 1859 657 1912 μικρόν
682 1873 722 1899 τι
749 1858 869 1912 πρός,
894 1857 997 1898 δέκα
1019 1857 1099 1910 μὲν
1118 1857 1249 1898 ναυσὶ
1269 1857 1456 1911 ταχείαις

46 1933 95 1969 48
116 1929 442 1984 τετταράξκοντα
474 1929 676 1983 τάλαντα,
708 1928 872 1970 εἴκοσιν
904 1929 964 1977 εἰς
995 1928 1075 1982 τὴν
1105 1933 1219 1968 ναῦν
1250 1934 1355 1979 μναῖ
1379 1932 1456 1968 τοῦ

118 2001 252 2054 μηνὸς
273 1999 469 2054 ἑκάστου,
495 2000 774 2053 στρατιώταις
795 1998 843 2040 δὲ
863 1999 1091 2052 δισχιλίοις
1114 1994 1295 2038 τοσαῦθ’
1323 1996 1459 2051 ἕτερα,

118 2071 191 2112 ἵνα
223 2070 326 2112 δέκα
357 2076 435 2112 τοῦ
467 2071 602 2124 μηνὸς
635 2069 656 2111 ὀ
691 2069 951 2124 στρατιώτης
985 2069 1175 2123 δραχμὰς
1211 2066 1458 2121 σιτηρέσιον

121 2141 336 2198 λαμβάνῃ,
373 2148 462 2190 τοῖς
501 2139 537 2182 δ’
577 2142 754 2182 ἱππεῦσι
793 2141 1030 2189 διακοσίοις
1062 2136 1203 2193 οὖσιν,
1235 2137 1311 2179 ἐὰν
1341 2138 1459 2193 τριά-

67 2229 101 2254 so
120 2227 253 2253 κοντα
280 2212 470 2266 δραχμὰς
496 2210 673 2260 ἕκαστος
701 2210 898 2268 λαμβάνῃ
923 2216 1001 2252 τοῦ
1022 2210 1169 2264 μηνός,
1195 2209 1362 2250 δώδεκα
1388 2208 1460 2250 τά-

1481 1584 1524 1615 ‘28
