1689 2531
107 354 149 384 13

107 852 149 881 14

32 1059 165 1082 Prooem.

50 1094 124 1118 XXI
139 1096 153 1118 4

106 1279 121 1307 1
129 1278 148 1307 5

56 1348 129 1373 XIV

107 1846 149 1875 16

106 2200 146 2229 17

176 105 233 146 40
660 105 1034 140 ΔΗΜΟΣΘΕΝΟΤΣ
1464 109 1523 155 [1v

175 208 263 242 τῶν
289 209 454 254 καιρῶν
471 201 731 256 Ἀμφίπολιν
757 201 969 252 δέξασθαι
996 203 1192 244 δύναισθ
1236 204 1310 259 ἄν,
1336 203 1525 259 ἀπηρτη-

177 271 301 324 μένοι
328 273 399 313 καὶ
425 280 517 322 ταῖς
543 280 838 327 παρασκευαῖς
864 273 935 314 καὶ
962 280 1055 323 ταῖς
1080 273 1284 327 γνώμαις.

229 340 306 392 ‘523
331 343 412 395 μὲν
438 340 518 385 οὖν
547 345 614 384 δεῖ
638 344 690 384 τα
716 345 993 398 προσήκοντα
1019 350 1163 385 ποιεῖν
1189 343 1424 395 ἐθέλοντας
1443 345 1524 387 ὑπ-

176 413 326 468 άρχειν
358 414 549 463 ἅπαντας
582 413 778 468 ἑτοίμως,
817 414 873 463 ὡς
907 412 1162 468 ἐγνωκότων
1193 414 1318 467 ὑμῶν
1350 417 1421 457 καὶ
1452 431 1525 458 πε-

174 484 420 537 πεισμένων
454 485 647 537 παύομαι
684 484 844 538 λέγων·
886 485 964 526 τὸν
998 485 1047 526 δὲ
1078 486 1244 539 τρόπον
1279 492 1353 540 τῆς
1388 501 1525 541 παρα-

176 562 344 610 σκευῆς,
368 556 423 609 ἣν
450 554 690 605 ἀπαλλάξαι
717 555 771 596 ὀὲν
790 563 878 596 τῶν
899 555 1113 597 τοιούτων
1132 557 1398 610 πραγμάτων
1417 559 1526 612 ἡμᾶς

177 626 341 681 οἴομαι,
372 627 443 667 καὶ
471 627 518 668 τὸ
546 630 717 680 πλῆθος
745 627 871 681 ὅσον,
904 627 975 668 καὶ
1001 628 1166 681 πόρους
1193 627 1398 678 οὕστινας
1425 645 1527 684 χρη-

177 697 336 751 μάτων,
362 698 432 738 καὶ
459 695 577 738 τᾶλλ’
611 698 666 746 ὡς
694 698 749 738 ἄν
775 713 848 750 μοι
875 696 1078 751 βέλτιστα
1104 698 1176 739 καὶ
1201 698 1380 753 τάχιστα
1408 700 1527 742 δοκεῖ

175 772 627 823 παρασκευασθῆναι,
658 769 729 809 καὶ
765 769 818 823 δὴ
857 768 1118 823 πειράσομαι
1151 768 1312 823 λέγειν,
1352 770 1526 824 δεηθεὶς
1546 774 1597 810 44

177 839 300 891 ὑμῶν
337 836 368 880 ὦ
409 840 566 893 ἄνδρες
597 837 824 893 Ἀθηναῖοι
862 845 1088 881 τοσοῦτον.
1146 838 1323 881 ἐπειδὰν
1368 841 1520 883 ἅπαντ’
1546 860 1580 884 10

176 909 401 964 ἀκούσητε,
427 912 616 965 κρίνατε,
642 912 698 965 μὴ
725 911 942 964 πρότερον
967 910 1314 964 προλαμβάνετε·
1341 911 1440 966 μηδ’
1471 911 1526 954 ἂν

178 980 219 1031 ἐξ
247 981 379 1035 ἀρχῆς
408 982 522 1023 δοκῶ
550 998 638 1023 τινι
665 983 823 1035 καινὴν
849 982 1131 1035 παρασκευὴν
1157 981 1313 1036 λέγειν,
1338 981 1526 1037 ἀναβάλ-

180 1056 272 1094 λειν
311 1068 362 1105 με
400 1053 451 1093 τὰ
483 1050 707 1106 πράγμαθ’
745 1053 952 1106 ἡγείσθω.
997 1051 1049 1093 οὐ
1082 1053 1164 1106 γὰρ
1198 1053 1237 1094 οἱ
1269 1054 1426 1108 ,,ταχὺ“
1455 1054 1526 1095 καὶ

174 1125 411 1177 ,πήμερονιι
444 1125 639 1173 εἰπόντες
672 1122 843 1176 μάλιστ’
880 1125 940 1172 εἰς
973 1122 1076 1164 δέον
1108 1123 1313 1177 λέγουσιν
1345 1123 1416 1179 (οὐ
1443 1125 1524 1178 γὰρ

177 1194 231 1235 ἂν
250 1194 302 1235 τά
322 1192 360 1248 γ’
386 1195 469 1248 ἤδη
492 1194 759 1248 γεγενημένα
780 1201 831 1249 τῇ
851 1194 954 1235 νυνὶ
973 1195 1161 1251 βοηθείᾳ
1180 1197 1373 1236 κωλῦσαι
1394 1196 1525 1249 δυνη-

175 1265 399 1321 θείημεν),
435 1263 526 1306 ἀλλ’
560 1266 605 1315 ὃς
633 1265 687 1306 ἂν
714 1264 850 1322 δείξῃ,
882 1266 946 1314 τίς
979 1269 1243 1319 πορισθεῖσα
1275 1268 1524 1321 παρασκευὴ

144 1350 157 1373 2
178 1337 250 1378 καὶ
275 1338 388 1390 πόση
415 1337 486 1378 καὶ
512 1337 656 1378 πόθεν
683 1337 902 1388 διαμεῖναι
929 1337 1177 1390 δυνήσεται,
1202 1335 1280 1385 ἕως
1307 1336 1361 1377 ἂν
1386 1335 1411 1390 ἣ
1433 1337 1525 1379 δια-

176 1408 412 1460 λυσώμεθα
438 1407 693 1457 πεισθέντες
719 1408 796 1448 τὸν
822 1409 1015 1459 πόλεμον
1040 1406 1063 1460 η
1086 1407 1418 1461 περιγενώμεθα
1437 1415 1525 1449 τῶν

176 1477 368 1533 ἐχθρῶν·
412 1478 524 1519 οὕτω
568 1479 650 1532 γὰρ
694 1477 839 1520 οὐκέτι
880 1484 959 1519 τοῦ
1003 1481 1158 1519 λοιποῦ
1194 1478 1434 1532 πάσχοιμεν
1469 1477 1524 1519 ἂν

1548 1213 1579 1238 15

175 1557 325 1599 κακῶς.
365 1545 482 1602 οἶμαι
509 1551 663 1590 τοίνυν
690 1547 772 1603 ἐγὼ
793 1555 928 1590 ταῦτα
951 1547 1093 1603 λέγειν
1112 1546 1241 1603 ἔχειν,
1265 1550 1321 1603 μὴ
1342 1549 1524 1590 κωλύων
1545 1567 1578 1592 20

176 1621 214 1662 εἴ
238 1637 302 1670 τις
329 1621 457 1669 ἄλλος
485 1619 795 1674 ἐπαγγέλλεταί
819 1635 871 1661 τι.
909 1621 934 1674 ἡ
956 1620 1035 1672 μὲν
1056 1616 1138 1661 οὖν
1157 1619 1389 1674 ὑπόσχεσις
1410 1619 1521 1661 οὕτω

175 1692 350 1746 μεγάλη,
375 1692 424 1733 τὸ
452 1692 499 1732 δὲ
526 1689 684 1745 πρᾶγμ’
717 1691 799 1745 ἤδη
826 1692 904 1732 τὸν
929 1688 1109 1745 ἔλεγχον
1136 1691 1284 1732 δώσει·
1311 1691 1452 1744 κριταὶ
1479 1690 1517 1732 δ’

174 1762 296 1814 ὑμεῖς
321 1760 489 1804 ἔσεσθε,

238 1836 427 1887 Πρῶτον
453 1834 533 1886 μὲν
559 1834 713 1875 τοίνυν
740 1830 771 1874 ὦ
796 1833 952 1887 ἄνδρες
969 1831 1193 1887 Ἀθηναῖοι
1213 1835 1401 1887 τριήρεις
1420 1847 1521 1874 πεν-

175 1905 361 1957 τήκοντα
388 1904 808 1958 παρασκευάσασθαι
837 1904 947 1957 φημὶ
974 1904 1081 1958 δεῖν,
1110 1899 1181 1945 εἶτ’
1216 1903 1375 1952 αὐτοὺς
1408 1902 1519 1944 οὕτω
1542 1922 1578 1947 25

174 1975 249 2024 τὰς
275 1975 449 2028 γνώμας
476 1973 604 2030 ἔχειν,
631 1975 699 2029 ὡς,
726 1973 802 2016 ἐάν
829 1990 869 2016 τι
897 1974 985 2031 δέῃ,
1013 1974 1252 2016 πλευστέον
1279 1976 1338 2023 εἰς
1364 1974 1520 2023 ταύτας

175 2046 322 2095 αὐτοῖς
338 2044 532 2100 ἐμβᾶσιν.
559 2047 665 2100 πρὸς
688 2046 734 2087 δὲ
754 2046 925 2095 τούτοις
946 2053 1036 2095 τοῖς
1056 2046 1227 2099 ἡμίσεσι
1247 2053 1335 2087 τῶν
1355 2044 1521 2086 ἱππέων

176 2118 455 2171 ἱππαγωγοὺς
482 2118 670 2171 τριήρεις
691 2117 762 2158 καὶ
788 2115 903 2158 πλοῖ’
931 2117 1058 2158 ἱκανὰ
1079 2116 1327 2170 εὐτρεπίσαι
1346 2116 1518 2157 κελεύω.

174 2194 309 2230 ταῦτα
335 2188 415 2240 μὲν
442 2184 560 2240 οἶμαι
587 2188 682 2229 δεῖν
707 2187 920 2242 ὑπάρχειν
947 2186 1016 2228 ἐπὶ
1042 2188 1115 2236 τὰς
1137 2185 1342 2241 ἐξαίφνης
1362 2187 1519 2236 ταύτας

174 2258 257 2300 ἀπὸ
290 2265 363 2312 τῆς
396 2260 555 2308 οἰκείας
588 2259 728 2313 χώρας
761 2258 897 2300 αὐτοῦ
926 2259 1153 2311 στρατείας
1185 2260 1244 2307 εἰς
1272 2258 1423 2307 Πύλας
1449 2259 1521 2300 καὶ
1541 2276 1574 2301 30

1665 1798 1669 1817 ι

1663 1821 1669 1858 ἒ

1664 1879 1670 1911 ’,
