1689 2531
45 66 103 112 u]
472 66 609 97 ΚΑΤΑ
635 64 886 107 ΦΙΛΙΠΠΟΤ
911 64 940 95 B
1331 60 1386 101 61

47 160 103 217 δ’,
128 162 184 218 ὡς
211 161 346 215 δεινά,
370 160 442 202 καὶ
468 165 647 202 τοιαῦτα
674 158 1001 214 διεξερχόμεθα·
1027 155 1167 200 ἔπειθ’
1198 157 1320 210 ὑμεῖς
1347 158 1388 199 οἱ

0 226 2 251 ³
45 234 308 287 καθήμενοι,
339 231 395 280 ὡς
425 231 506 283 μὲν
538 230 592 272 ἂν
624 230 785 272 εἴποιτε
818 230 1012 279 δικαίους
1042 229 1199 283 λόγους
1225 229 1296 270 καὶ
1323 227 1390 269 λέ-

0 293 3 328 ῗ
46 318 201 357 γοντος
222 303 356 344 ἄλλου
379 303 590 356 συνείητε,
610 302 787 354 ἄμεινον
806 302 1026 342 Φιλίππου
1046 300 1390 354 παρεσκεύασθε,

46 374 102 423 ὡς
129 373 178 415 δὲ
201 371 432 415 κωλύσαιτ’
465 372 519 414 ἂν
545 371 715 414 ἐκεῖνον
740 372 946 425 πράττειν
971 369 1090 413 ταῦτ’
1117 368 1184 426 ἐφ’
1211 367 1273 412 ὧν
1299 369 1390 412 ἐστι

10 463 25 490 5
45 451 143 499 νῦν,
169 447 389 494 παντελῶς
415 443 557 498 ἀργῶς
583 441 710 498 ἔχετε.
747 444 978 496 συμβαίνει
999 443 1052 497 δὴ
1073 440 1231 497 πρᾶγμ’
1257 441 1390 495 ἀναγ-

46 523 172 557 καῖον
204 510 322 568 οἶμαι
354 515 425 556 καὶ
458 515 560 564 ἴσως
595 515 725 564 εἰκός·
757 512 805 555 ἐν
831 508 894 563 οἷς
928 512 1122 568 ἑκάτεροι
1149 514 1392 567 διατρίβετε

47 587 119 628 καὶ
155 586 254 641 περὶ
293 586 318 627 ἃ
359 585 637 639 σπουδάζετε,
674 583 792 626 ταῦτ’
830 586 1011 637 ἄμεινον
1046 583 1262 638 ἑκατέροις
1294 581 1394 638 ἔχει,

0 697 1 716 ³
49 656 198 714 ἐκείνῳ
225 656 304 709 μὲν
331 658 373 697 αὶ
400 655 588 711 πράξεις,
612 655 718 708 ὑμῖν
745 653 782 697 δ’
810 657 850 698 οἱ
878 657 1013 710 λόγοι.
1046 656 1082 697 εἰ
1108 655 1189 708 μὲν
1215 651 1298 696 οὖν
1322 654 1393 696 καὶ

0 722 1 758 s
47 734 134 769 νῦν
166 727 309 782 λέγειν
342 725 571 782 δικαιότερ’
603 727 709 779 ὑμῖν
742 725 928 781 ἐξαρκεῖ,
961 725 1129 783 ῥᾴδιον,
1159 726 1231 767 καὶ
1260 726 1393 775 πόνος

0 791 30 844 [0
50 798 194 848 οὐδεὶς
231 799 438 852 πρόσεστι
475 802 534 855 τῷ
565 797 802 851 πράγματι·
841 799 878 839 εἰ
905 795 942 839 δ’
976 798 1090 846 ὅπως
1122 797 1174 838 τὰ
1208 794 1387 850 παρόντ’

50 868 470 924 ἐπανορθωθήσεται
509 869 576 910 δεῖ
613 876 792 911 σκοπεῖν
830 869 901 910 καὶ
938 869 995 922 μὴ
1034 866 1294 922 προελθόντ’
1332 865 1395 909 ἔτι

49 939 308 996 πορρωτέρω
337 941 457 995 λήσει
484 938 618 982 πάνθ’
644 940 766 994 ἡμᾶς,
791 937 888 994 μηδ’
917 938 1189 993 ἐπιστήσεται
1209 938 1395 993 μέγεθος

52 1011 276 1064 δυνάμεως
295 1011 403 1065 πρὸς
429 1011 484 1066 ἣν
511 1008 603 1053 οὐδ’
631 1010 814 1065 ἀντᾶραι
841 1011 1138 1064 δυνησόμεθα,
1163 1010 1242 1064 οὐχ
1270 1009 1292 1051 ὁ
1320 1009 1396 1051 αὐ-

50 1083 123 1132 τὸς
148 1083 308 1137 τρόπος
335 1082 468 1136 ὅσπερ
495 1083 711 1137 πρότερον
739 1088 817 1123 τοῦ
844 1082 1158 1135 βουλεύεσθαι,
1190 1080 1299 1122 ἀλλὰ
1325 1081 1397 1122 καὶ

0 1172 31 1198 15
50 1160 140 1203 τοῖς
172 1152 378 1207 λέγουσιν
410 1153 572 1194 ἅπασιν
603 1153 675 1194 καὶ
706 1160 795 1202 τοῖς
826 1152 1066 1195 ἀκούουσιν
1092 1152 1197 1204 ὑμῖν
1223 1153 1275 1193 τὰ
1299 1151 1398 1206 βέλ-

50 1235 174 1266 τιστα
211 1224 283 1265 καὶ
319 1224 372 1265 τὰ
409 1224 607 1265 σώσοντα
644 1231 732 1265 τῶν
771 1223 944 1280 ῥᾴστων
981 1224 1052 1264 καὶ
1087 1230 1175 1264 τῶν
1208 1224 1398 1277 ἡδίστων

51 1294 345 1350 προαιρετέον.

112 1369 301 1421 Πρῶτον
326 1365 419 1420 μέν,
445 1366 484 1407 εἴ
507 1381 571 1415 τις
598 1363 630 1406 ὦ
658 1366 814 1420 ἄνδρες
836 1363 1059 1420 Ἀθηναῖοι
1084 1370 1256 1420 θαρρεῖ,
1282 1365 1399 1419 ὁρῶν
1436 1376 1444 1385 “

0 1443 30 1476 ’»7
54 1437 200 1491 ἡλίκος
217 1435 221 1493 Ι
238 1437 320 1491 ἤδη
347 1437 418 1478 καὶ
446 1438 562 1478 ὅσων
587 1437 737 1491 κύριός
768 1435 858 1478 ἐστι
889 1438 1122 1490 Φίλιππος,
1146 1437 1217 1478 καὶ
1243 1433 1392 1490 μηδέν’

0 1527 34 1552 [ιο
55 1508 189 1550 οἴεται
219 1508 432 1549 κίνδυνον
464 1507 616 1562 φέρειν
651 1514 780 1549 τοῦτο
812 1514 864 1562 τῇ
899 1509 1022 1549 πόλει
1057 1505 1155 1561 μηδ’
1188 1505 1255 1561 ἐφ’
1287 1507 1398 1562 ὑμᾶς

54 1578 195 1621 πάντα
215 1578 634 1633 παρασκευάζεσθαι,
653 1578 875 1633 θαυμάζω,
894 1579 965 1619 καὶ
987 1579 1201 1632 δεηθῆναι
1222 1578 1399 1620 πάντων

55 1650 212 1702 ὁμοίως
238 1650 362 1702 ὑμῶν
386 1650 601 1703 βούλομαι
626 1651 727 1698 τοὺς
754 1651 988 1703 λογισμοὺς
1012 1648 1198 1691 ἀκοῦσαί
1221 1665 1305 1702 μου
1327 1650 1399 1691 διὰ

55 1720 266 1775 βραχέων,
301 1718 355 1762 δι’
394 1720 470 1770 οὓς
505 1718 703 1762 τάναντί’
743 1719 836 1773 ἐμοὶ
873 1721 1114 1775 παρέστηκε
1149 1721 1401 1775 προσδοκᾶν

56 1791 128 1832 καὶ
154 1789 209 1832 δι’
242 1788 304 1833 ὧν
331 1790 494 1846 ἐχθρὸν
520 1792 710 1845 ἡγοῦμαι
742 1792 979 1833 Φίλιππον·
1006 1789 1082 1845 ἵν’,
1108 1790 1184 1833 ἐὰν
1210 1792 1290 1843 μὲν
1317 1790 1399 1845 ἐγὼ

3 1879 36 1905 25
58 1862 171 1903 δοκῶ
191 1861 366 1917 βέλτιον
385 1868 594 1917 προορᾶν,
619 1860 714 1914 ἐμοὶ
734 1866 955 1916 πεισθῆτε,
983 1861 1036 1903 ἂν
1057 1860 1094 1903 δ’
1115 1863 1155 1903 οἱ
1177 1865 1400 1916 θαρροῦν-

58 1947 126 1990 τες
159 1932 231 1973 καὶ
265 1934 594 1982 πεπιστευκότες
629 1932 758 1989 αὐτῷ,
791 1932 962 1982 τούτοις
993 1936 1267 1986 προσθῆσθε.
1314 1931 1396 1986 ἐγὼ

59 2005 212 2045 τοίνυν
239 1999 271 2044 ὦ
298 2003 454 2057 ἄνδρες
473 2001 698 2056 Ἀθηναῖοι
720 2004 958 2056 λογίζομαι·
984 2004 1118 2044 τίνων
1139 2002 1161 2044 ὁ
1189 2004 1402 2052 Φίλιππος

59 2074 208 2127 κύριος
240 2080 414 2127 πρῶτον
444 2074 550 2126 μετὰ
580 2074 660 2128 τὴν
693 2074 872 2128 εἰρήνην
906 2073 1107 2127 κατέστη;
1141 2076 1307 2115 Πυλῶν
1332 2073 1404 2114 καὶ

60 2151 148 2186 τῶν
174 2143 221 2186 ἐν
252 2147 451 2186 Φωκεῦσι
477 2144 751 2199 πραγμάτων.
777 2146 821 2185 τί
844 2141 944 2196 οὗν;
970 2151 1058 2194 πῶς
1085 2144 1255 2193 τούτοις
1282 2143 1404 2198 ἐχρή-

0 2232 44 2258 ιεο
64 2208 186 2266 σατο;
219 2214 244 2256 ἃ
275 2216 481 2268 Θηβαίοις
514 2214 726 2269 συμφέρει
758 2215 828 2256 καὶ
862 2215 940 2270 οὐχ
971 2215 995 2257 ἑὶ
1022 2222 1073 2270 τῇ
1099 2216 1240 2269 πόλει,
1272 2215 1399 2269 πράτ-
