1689 2531
153 278 199 309 43

153 707 199 736 44

157 1134 200 1164 45

157 1704 202 1734 46

226 97 283 138 80
510 97 811 131 ΗΓΗΣΙΠΠΟΤ
838 98 952 130 ΠΕΡΙ
976 97 1285 130 ΑΛΟΝΝΗΣΟΤ
1432 74 1437 77 ⁴
1502 97 1576 141 [vn

225 191 353 236 ταῦθ’
371 193 582 248 ὑμέτερον
596 194 780 247 πολίτην
796 192 959 247 γράψαι
975 191 1022 234 ἐν
1034 178 1295 247 ψηᾳῗίσματι,
1315 192 1576 234 Κάλλιππον

227 266 455 308 Παιανιέα.
499 265 571 306 καὶ
602 265 733 305 τοῦτό
766 261 804 318 γ’
831 263 992 318 ἀληθὲς
1026 263 1248 317 λέγουσιν·
1287 261 1449 318 ἔγραψε
1480 263 1577 318 γάρ,

225 338 295 378 καὶ
324 335 428 389 ἐμοῦ
450 333 488 390 γ’
509 335 645 377 αὐτὸν
667 334 950 389 γραψαμένου
971 335 1238 388 παρανόμων
1259 335 1435 389 γραφὴν
1455 335 1576 387 ὑμεῖς

226 408 586 462 ἀπεψηφίσασθε·
636 406 859 460 τοιγάρτοι
908 405 1293 460 ἀμφισβητήσιμον
1341 406 1447 458 ὑμῖν
1496 406 1576 460 τὴν

225 480 372 534 χώραν
410 479 737 520 κατεσκεύακεν.
780 478 908 519 ὁπότε
941 478 990 519 δὲ
1021 477 1120 532 περὶ
1151 478 1311 519 τούτου
1343 478 1577 531 τολμήσετε

225 552 332 606 πρὸς
355 550 636 604 Καρδιανοὺς
665 549 1007 603 διαδικάζεσθαι,
1034 546 1118 590 εἴθ’
1138 547 1324 603 ὑμετέρα
1351 546 1470 589 ἐστὶν
1497 545 1570 589 εἴτ’

227 621 406 664 ἐκείνων
432 622 457 675 [ἡ
484 621 615 675 χώρα,
641 620 714 662 διὰ
739 621 782 661 τί
807 620 859 661 οὐ
888 620 958 661 καὶ
985 620 1091 673 πρὸς
1113 621 1214 668 τοὺς
1235 620 1393 668 ἄλλους
1413 621 1577 673 Χερρο-

225 695 403 748 νησίτας
435 693 484 734 τὸ
524 692 630 733 αὐτὸ
665 692 837 733 δίκαιον
869 689 1009 742 ἔσται;
1041 691 1112 732 καὶ
1146 690 1283 740 οὕτως
1316 690 1577 745 ὑβριστικῶς

225 765 331 817 ὑμῖν
352 764 566 819 κέχρηται,
586 764 696 804 ὥστε
718 764 867 817 φησίν,
888 762 942 803 ἂν
962 763 1018 816 μὴ
1040 761 1234 803 θέλωσιν
1249 761 1577 812 διαδικάζεσθαι

227 837 266 878 οἱ
301 836 561 890 Καρδιανοί,
599 834 729 884 αὐτὸς
768 833 1047 887 ἀναγκάσειν,
1085 834 1140 883 ὡς
1178 833 1303 885 ὑμῶν
1335 831 1372 886 γ’
1411 832 1492 874 οὐκ
1525 832 1579 874 ἂν

227 906 487 959 δυναμένων
514 905 647 947 οὐδὲν
675 905 917 958 ἀναγκάσαι
944 905 1226 958 Καρδιανοὺς
1252 904 1357 956 ὑμῖν
1383 910 1578 958 ποιῆσαι·

227 977 375 1033 ἐπειδὴ
404 976 441 1019 δ’
470 978 590 1030 ὑμεῖς
618 977 669 1018 οὐ
698 978 911 1030 δύνασθε,
937 976 1067 1025 αὐτός
1093 987 1230 1030 φησιν
1248 973 1365 1017 τοῦτ’
1392 974 1574 1028 ἀναγκά-

229 1061 322 1092 σειν
367 1049 527 1098 αὐτοὺς
572 1054 761 1101 ποιῆσαι.
812 1044 878 1101 ἀρ’
923 1047 975 1089 οὐ
1020 1047 1185 1100 μεγάλα
1230 1048 1431 1101 φαίνεται
1469 1046 1579 1099 ὑμᾶς

230 1121 489 1175 εὐεργετῶν;
521 1120 593 1161 καὶ
626 1120 790 1173 ταύτην
825 1120 905 1173 τὴν
933 1117 1167 1172 ἐπιστολήν
1193 1134 1307 1167 τινες
1334 1114 1382 1159 εὖ
1410 1115 1580 1172 ἔφασαν

227 1192 491 1247 γεγράφθαι,
512 1193 554 1232 οἳ
573 1193 685 1232 πολὺ
701 1190 755 1232 ἂν
777 1191 1050 1245 δικαιότερον
1070 1188 1149 1244 ὑφ’
1176 1190 1300 1242 ὑμῶν
1319 1189 1344 1244 ἢ
1365 1190 1579 1238 Φίλιππος

227 1271 437 1316 μισοῖντο.
491 1261 653 1311 ἐκεῖνος
698 1261 777 1314 μέν
823 1278 871 1316 γε
911 1261 1050 1319 ἑαυτῷ
1082 1261 1299 1314 κτώμενος
1338 1259 1472 1310 δόξαν
1509 1260 1579 1302 καὶ

227 1332 374 1388 μεγάλ’
401 1333 549 1387 ἀγαθὰ
577 1333 745 1374 ἅπαντα
772 1330 872 1374 καθ’
899 1334 1021 1385 ὑμῶν
1048 1333 1243 1386 πράττει·
1271 1332 1367 1374 ὅσοι
1394 1329 1431 1373 δ’
1454 1329 1581 1386 Ἀθη-

227 1413 345 1447 ναῖοι
367 1407 488 1454 ὄντες
509 1406 565 1459 μὴ
587 1412 637 1460 τῇ
658 1405 848 1459 πατρίδι,
875 1404 984 1446 ἀλλὰ
1015 1405 1216 1459 Φιλίππῳ
1244 1403 1424 1445 εὔνοιαν
1445 1401 1580 1444 ἐνδεί-

228 1492 424 1531 κνυνται,
455 1478 665 1531 προσήκει
698 1475 857 1525 αὐτοὺς
890 1473 965 1529 ὑφ’
998 1475 1121 1527 ὑμῶν
1147 1476 1306 1524 κακοὺς
1335 1481 1475 1524 κακῶς
1502 1473 1581 1515 ἀπ-

229 1548 454 1602 ολωλέναι,
479 1548 598 1601 εἴπερ
625 1547 747 1599 ὑμεῖς
774 1548 852 1588 τὸν
879 1545 925 1601 ἐγ
941 1546 1134 1601 κέφαλον
1162 1545 1209 1587 ἐν
1234 1553 1324 1596 τοῖς
1344 1545 1580 1600 κροτάφοις

229 1620 300 1661 καὶ
326 1621 382 1674 μὴ
405 1618 452 1661 ἐν
478 1626 570 1668 ταῖς
597 1618 801 1672 πτέρναις
827 1617 1240 1671 καταπεπατημένον
1267 1624 1452 1672 φορεῖτε.

282 1689 543 1733 Ὑπόλοιπόν
575 1691 651 1743 μοί
682 1688 801 1731 ἐστιν
828 1687 891 1731 ἔτι
917 1690 1025 1743 πρὸς
1051 1690 1215 1742 ταύτην
1241 1689 1321 1743 τὴν
1348 1686 1581 1742 ἐπιστολὴν

229 1764 309 1817 τὴν
342 1759 389 1804 εὖ
423 1761 612 1817 ἔχουσαν
638 1762 709 1802 καὶ
735 1763 838 1810 τοὺς
865 1762 1023 1814 λόγους
1050 1767 1137 1801 τῶν
1163 1759 1389 1813 πρέσβεων
1416 1759 1580 1813 γράψαι

229 1835 309 1888 τὴν
344 1833 596 1888 ἀπόκρισιν,
634 1833 689 1887 ἣν
721 1833 911 1886 ’ἡγοῦμαι
944 1832 1119 1873 δικαίαν
1151 1830 1194 1872 τ’
1227 1826 1339 1873 εἶναι
1370 1831 1442 1872 καὶ
1475 1841 1580 1883 συμ-

230 1905 454 1960 φέρουσαν
480 1905 596 1957 ὑμῖν.

1600 850 1632 875 10

1601 1206 1633 1231 15

1603 1548 1689 1605 SS¹

1603 1616 1689 1658 21¹

1603 1918 1636 1944 25
