<?xml version="1.0" encoding="UTF-8"?>
<!DOCTYPE html PUBLIC "-//W3C//DTD XHTML 1.0 Transitional//EN"
    "http://www.w3.org/TR/xhtml1/DTD/xhtml1-transitional.dtd">
<html xmlns="http://www.w3.org/1999/xhtml" xml:lang="en" lang="en">
 <head>
  <title>
</title>
<meta http-equiv="Content-Type" content="text/html;charset=utf-8" />
  <meta name='ocr-system' content='tesseract 3.04.00' />
  <meta name='ocr-capabilities' content='ocr_page ocr_carea ocr_par ocr_line ocrx_word'/>
</head>
<body>
  <div class='ocr_page' id='page_1' title='image "./demosthenisorati0101demouoft_0065.png"; bbox 0 0 1689 2531; ppageno 0'>
   <div class='ocr_carea' id='block_1_1' title="bbox 769 555 830 598">
    <p class='ocr_par' dir='ltr' id='par_1_1' title="bbox 769 555 830 598">
     <span class='ocr_line' id='line_1_1' title="bbox 769 555 830 598; baseline 0 0"><span class='ocrx_word' id='word_1_1' title='bbox 769 555 830 598; x_wconf 93' lang='lat' dir='ltr'><em>VI</em></span> 
     </span>
    </p>
   </div>
   <div class='ocr_carea' id='block_1_2' title="bbox 471 651 1139 791">
    <p class='ocr_par' dir='ltr' id='par_1_2' title="bbox 471 651 1139 791">
     <span class='ocr_line' id='line_1_2' title="bbox 471 651 1139 702; baseline 0.004 -3"><span class='ocrx_word' id='word_1_2' title='bbox 471 651 662 700; x_wconf 84' lang='grc' dir='ltr'><strong>ΚΑΤΑ</strong></span> <span class='ocrx_word' id='word_1_3' title='bbox 699 651 1062 702; x_wconf 80' lang='grc' dir='ltr'>ΦΙΛΙΠΠΟΤ</span> <span class='ocrx_word' id='word_1_4' title='bbox 1097 654 1139 701; x_wconf 87' lang='grc' dir='ltr'>Β</span> 
     </span>
     <span class='ocr_line' id='line_1_3' title="bbox 676 757 932 791; baseline 0.004 -2"><span class='ocrx_word' id='word_1_5' title='bbox 676 757 932 791; x_wconf 79' lang='grc' dir='ltr'>ΤΠΟΘΕΣΙΣ</span> 
     </span>
    </p>
   </div>
   <div class='ocr_carea' id='block_1_3' title="bbox 60 839 1523 2259">
    <p class='ocr_par' dir='ltr' id='par_1_3' title="bbox 60 839 1477 1092">
     <span class='ocr_line' id='line_1_4' title="bbox 60 839 1476 897; baseline 0.002 -17"><span class='ocrx_word' id='word_1_6' title='bbox 60 843 112 880; x_wconf 82' lang='grc'><em>64</em></span> <span class='ocrx_word' id='word_1_7' title='bbox 190 845 389 896; x_wconf 81' lang='grc' dir='ltr'><em>Παραινεῖ</em></span> <span class='ocrx_word' id='word_1_8' title='bbox 415 842 480 881; x_wconf 83' lang='grc' dir='ltr'><em>διὰ</em></span> <span class='ocrx_word' id='word_1_9' title='bbox 511 843 650 882; x_wconf 89' lang='grc' dir='ltr'><em>τούτου</em></span> <span class='ocrx_word' id='word_1_10' title='bbox 682 849 752 882; x_wconf 89' lang='grc' dir='ltr'><em>τοῦ</em></span> <span class='ocrx_word' id='word_1_11' title='bbox 784 842 901 895; x_wconf 89' lang='grc' dir='ltr'><em>λόγου</em></span> <span class='ocrx_word' id='word_1_12' title='bbox 932 847 1012 890; x_wconf 83' lang='grc' dir='ltr'><em>τοῖς</em></span> <span class='ocrx_word' id='word_1_13' title='bbox 1033 839 1264 896; x_wconf 80' lang='grc' dir='ltr'><em>Ἀθηναίοις</em></span> <span class='ocrx_word' id='word_1_14' title='bbox 1298 842 1317 883; x_wconf 87' lang='grc' dir='ltr'><em>ὃ</em></span> <span class='ocrx_word' id='word_1_15' title='bbox 1348 844 1476 897; x_wconf 79' lang='grc' dir='ltr'><em>ρ”ήτωρ</em></span> 
     </span>
     <span class='ocr_line' id='line_1_5' title="bbox 131 906 1477 965; baseline 0.001 -19"><span class='ocrx_word' id='word_1_16' title='bbox 131 906 316 958; x_wconf 84' lang='grc' dir='ltr'><em>πολέμιον</em></span> <span class='ocrx_word' id='word_1_17' title='bbox 351 906 586 946; x_wconf 81' lang='grc' dir='ltr'><em>ὑποπτεύειν</em></span> <span class='ocrx_word' id='word_1_18' title='bbox 617 907 684 946; x_wconf 89' lang='grc' dir='ltr'><em>τὸν</em></span> <span class='ocrx_word' id='word_1_19' title='bbox 713 908 911 948; x_wconf 88' lang='grc' dir='ltr'><em>Φίλιππον</em></span> <span class='ocrx_word' id='word_1_20' title='bbox 943 907 1009 947; x_wconf 83' lang='grc' dir='ltr'><em>καὶ</em></span> <span class='ocrx_word' id='word_1_21' title='bbox 1040 915 1085 964; x_wconf 79' lang='grc' dir='ltr'><em>τῇ</em></span> <span class='ocrx_word' id='word_1_22' title='bbox 1117 909 1253 965; x_wconf 81' lang='grc' dir='ltr'><em>εἰρήνῃ</em></span> <span class='ocrx_word' id='word_1_23' title='bbox 1286 909 1339 960; x_wconf 82' lang='grc' dir='ltr'><em>μὴ</em></span> <span class='ocrx_word' id='word_1_24' title='bbox 1370 910 1477 948; x_wconf 80' lang='grc' dir='ltr'><em>πάνυ</em></span> 
     </span>
     <span class='ocr_line' id='line_1_6' title="bbox 131 968 1477 1027; baseline 0.001 -15"><span class='ocrx_word' id='word_1_25' title='bbox 131 974 339 1020; x_wconf 78' lang='grc' dir='ltr'><em>πιστεύειν,</em></span> <span class='ocrx_word' id='word_1_26' title='bbox 366 968 447 1011; x_wconf 88' lang='grc' dir='ltr'><em>ἀλλ’</em></span> <span class='ocrx_word' id='word_1_27' title='bbox 471 971 689 1025; x_wconf 81' lang='grc' dir='ltr'><em>ἐγείρεσθαι</em></span> <span class='ocrx_word' id='word_1_28' title='bbox 712 972 780 1012; x_wconf 74' lang='grc' dir='ltr'><em>καὶ</em></span> <span class='ocrx_word' id='word_1_29' title='bbox 805 972 1006 1026; x_wconf 83' lang='grc' dir='ltr'><em>προσέχειν</em></span> <span class='ocrx_word' id='word_1_30' title='bbox 1031 974 1099 1013; x_wconf 90' lang='grc' dir='ltr'><em>τὸν</em></span> <span class='ocrx_word' id='word_1_31' title='bbox 1125 980 1223 1013; x_wconf 86' lang='grc' dir='ltr'><em>νοῦν</em></span> <span class='ocrx_word' id='word_1_32' title='bbox 1249 978 1330 1021; x_wconf 85' lang='grc' dir='ltr'><em>τοῖς</em></span> <span class='ocrx_word' id='word_1_33' title='bbox 1354 975 1477 1027; x_wconf 81' lang='grc' dir='ltr'><em>πράγ-</em></span> 
     </span>
     <span class='ocr_line' id='line_1_7' title="bbox 132 1037 1477 1092; baseline 0.001 -15"><span class='ocrx_word' id='word_1_34' title='bbox 132 1049 250 1090; x_wconf 89' lang='grc' dir='ltr'><em>μασιν</em></span> <span class='ocrx_word' id='word_1_35' title='bbox 278 1037 342 1076; x_wconf 83' lang='grc' dir='ltr'><em>καὶ</em></span> <span class='ocrx_word' id='word_1_36' title='bbox 368 1037 661 1090; x_wconf 80' lang='grc' dir='ltr'><em>εὐτρεπίζεσθαι</em></span> <span class='ocrx_word' id='word_1_37' title='bbox 685 1037 783 1090; x_wconf 90' lang='grc' dir='ltr'><em>πρὸς</em></span> <span class='ocrx_word' id='word_1_38' title='bbox 813 1039 1000 1088; x_wconf 87' lang='grc' dir='ltr'><em>πόλεμον·</em></span> <span class='ocrx_word' id='word_1_39' title='bbox 1027 1037 1294 1090; x_wconf 81' lang='grc' dir='ltr'><em>ἐπιβουλεύειν</em></span> <span class='ocrx_word' id='word_1_40' title='bbox 1320 1039 1391 1092; x_wconf 82' lang='grc' dir='ltr'><em>γὰρ</em></span> <span class='ocrx_word' id='word_1_41' title='bbox 1418 1040 1477 1078; x_wconf 91' lang='grc' dir='ltr'><em>αι’-</em></span> 
     </span>
    </p>

    <p class='ocr_par' dir='ltr' id='par_1_4' title="bbox 99 1099 1523 1419">
     <span class='ocr_line' id='line_1_8' title="bbox 99 1099 1477 1155; baseline 0 -12"><span class='ocrx_word' id='word_1_42' title='bbox 99 1117 114 1143; x_wconf 85' lang='lat'><strong>5</strong></span> <span class='ocrx_word' id='word_1_43' title='bbox 133 1110 259 1142; x_wconf 87' lang='grc' dir='ltr'><em>τιᾶται</em></span> <span class='ocrx_word' id='word_1_44' title='bbox 278 1102 343 1142; x_wconf 80' lang='grc' dir='ltr'><em>καὶ</em></span> <span class='ocrx_word' id='word_1_45' title='bbox 363 1106 442 1150; x_wconf 85' lang='grc' dir='ltr'><em>τοῖς</em></span> <span class='ocrx_word' id='word_1_46' title='bbox 459 1099 688 1154; x_wconf 83' lang='grc' dir='ltr'><em>Ἀθηναίοις</em></span> <span class='ocrx_word' id='word_1_47' title='bbox 708 1102 772 1142; x_wconf 82' lang='grc' dir='ltr'><em>καὶ</em></span> <span class='ocrx_word' id='word_1_48' title='bbox 792 1109 887 1141; x_wconf 83' lang='grc' dir='ltr'><em>πᾶσι</em></span> <span class='ocrx_word' id='word_1_49' title='bbox 905 1100 1157 1154; x_wconf 64' lang='grc' dir='ltr'><em>τοῖς”Έλλησι</em></span> <span class='ocrx_word' id='word_1_50' title='bbox 1175 1104 1243 1143; x_wconf 87' lang='grc' dir='ltr'><em>τὸν</em></span> <span class='ocrx_word' id='word_1_51' title='bbox 1265 1105 1477 1155; x_wconf 81' lang='grc' dir='ltr'><em>Φίλιππον,</em></span> 
     </span>
     <span class='ocr_line' id='line_1_9' title="bbox 132 1163 1478 1222; baseline 0.001 -16"><span class='ocrx_word' id='word_1_52' title='bbox 132 1167 198 1207; x_wconf 84' lang='grc' dir='ltr'><em>καὶ</em></span> <span class='ocrx_word' id='word_1_53' title='bbox 229 1163 336 1207; x_wconf 77' lang='grc' dir='ltr'><em>τοῦτ’</em></span> <span class='ocrx_word' id='word_1_54' title='bbox 365 1167 486 1207; x_wconf 83' lang='grc' dir='ltr'><em>αὐτοῦ</em></span> <span class='ocrx_word' id='word_1_55' title='bbox 512 1171 818 1220; x_wconf 82' lang='grc' dir='ltr'><em>καταμαρτυρεῖν</em></span> <span class='ocrx_word' id='word_1_56' title='bbox 849 1168 916 1215; x_wconf 82' lang='grc' dir='ltr'><em>τὰς</em></span> <span class='ocrx_word' id='word_1_57' title='bbox 941 1168 1098 1221; x_wconf 78' lang='grc' dir='ltr'><em>πράξεις</em></span> <span class='ocrx_word' id='word_1_58' title='bbox 1124 1169 1258 1220; x_wconf 82' lang='grc' dir='ltr'><em>φησίν.</em></span> <span class='ocrx_word' id='word_1_59' title='bbox 1296 1169 1478 1222; x_wconf 79' lang='grc' dir='ltr'><em>ἐπαγγέλ-</em></span> 
     </span>
     <span class='ocr_line' id='line_1_10' title="bbox 133 1231 1476 1286; baseline 0.001 -15"><span class='ocrx_word' id='word_1_60' title='bbox 133 1236 236 1272; x_wconf 87' lang='grc' dir='ltr'><em>λεται</em></span> <span class='ocrx_word' id='word_1_61' title='bbox 262 1231 304 1272; x_wconf 83' lang='grc' dir='ltr'><em>δὲ</em></span> <span class='ocrx_word' id='word_1_62' title='bbox 329 1232 394 1271; x_wconf 83' lang='grc' dir='ltr'><em>καὶ</em></span> <span class='ocrx_word' id='word_1_63' title='bbox 419 1231 643 1283; x_wconf 77' lang='grc' dir='ltr'><em>ἀποκρίσεις</em></span> <span class='ocrx_word' id='word_1_64' title='bbox 668 1233 807 1272; x_wconf 88' lang='grc' dir='ltr'><em>δώσειν</em></span> <span class='ocrx_word' id='word_1_65' title='bbox 831 1233 929 1284; x_wconf 87' lang='grc' dir='ltr'><em>πρός</em></span> <span class='ocrx_word' id='word_1_66' title='bbox 954 1249 1062 1280; x_wconf 85' lang='grc' dir='ltr'><em>τινας</em></span> <span class='ocrx_word' id='word_1_67' title='bbox 1093 1233 1271 1286; x_wconf 86' lang='grc' dir='ltr'><em>πρέσβεις</em></span> <span class='ocrx_word' id='word_1_68' title='bbox 1296 1234 1476 1286; x_wconf 74' lang='grc' dir='ltr'><em>ἣκοντας,</em></span> 
     </span>
     <span class='ocr_line' id='line_1_11' title="bbox 133 1294 1523 1350; baseline 0.001 -13"><span class='ocrx_word' id='word_1_69' title='bbox 133 1297 389 1350; x_wconf 85' lang='grc' dir='ltr'><em>ἀπορούντων</em></span> <span class='ocrx_word' id='word_1_70' title='bbox 409 1294 725 1348; x_wconf 83' lang='grc' dir='ltr'><em>τῶνἈθηναίων</em></span> <span class='ocrx_word' id='word_1_71' title='bbox 746 1297 767 1336; x_wconf 78' lang='grc' dir='ltr'>ὅ</span> <span class='ocrx_word' id='word_1_72' title='bbox 785 1298 824 1336; x_wconf 91' lang='grc' dir='ltr'><em>τί</em></span> <span class='ocrx_word' id='word_1_73' title='bbox 839 1294 926 1337; x_wconf 85' lang='grc' dir='ltr'><em>ποτ’</em></span> <span class='ocrx_word' id='word_1_74' title='bbox 944 1297 1237 1349; x_wconf 79' lang='grc' dir='ltr'><em>ἀποκρίνασθαι</em></span> <span class='ocrx_word' id='word_1_75' title='bbox 1256 1300 1323 1338; x_wconf 86' lang='grc' dir='ltr'><em>δεῖ.</em></span> <span class='ocrx_word' id='word_1_76' title='bbox 1349 1299 1477 1339; x_wconf 86' lang='grc' dir='ltr'><em>πόθεν</em></span> <span class='ocrx_word' id='word_1_77' title='bbox 1503 1308 1523 1338; x_wconf 81' lang='grc'><strong>2</strong></span> 
     </span>
     <span class='ocr_line' id='line_1_12' title="bbox 133 1358 1478 1419; baseline 0.001 -17"><span class='ocrx_word' id='word_1_78' title='bbox 133 1358 171 1402; x_wconf 83' lang='grc' dir='ltr'><em>δ’</em></span> <span class='ocrx_word' id='word_1_79' title='bbox 201 1358 310 1402; x_wconf 82' lang='grc' dir='ltr'><em>οὗτοι</em></span> <span class='ocrx_word' id='word_1_80' title='bbox 335 1362 400 1401; x_wconf 81' lang='grc' dir='ltr'><em>καὶ</em></span> <span class='ocrx_word' id='word_1_81' title='bbox 419 1361 506 1413; x_wconf 80' lang='grc' dir='ltr'><em>περὶ</em></span> <span class='ocrx_word' id='word_1_82' title='bbox 526 1363 645 1401; x_wconf 88' lang='grc' dir='ltr'><em>τίνων</em></span> <span class='ocrx_word' id='word_1_83' title='bbox 665 1362 844 1413; x_wconf 73' lang='grc' dir='ltr'><em>ἥκουσιν,</em></span> <span class='ocrx_word' id='word_1_84' title='bbox 870 1362 912 1402; x_wconf 81' lang='grc' dir='ltr'><em>ἐν</em></span> <span class='ocrx_word' id='word_1_85' title='bbox 932 1367 984 1419; x_wconf 82' lang='grc' dir='ltr'><em>τῷ</em></span> <span class='ocrx_word' id='word_1_86' title='bbox 1001 1363 1101 1418; x_wconf 80' lang='grc' dir='ltr'><em>λόγῳ</em></span> <span class='ocrx_word' id='word_1_87' title='bbox 1121 1362 1192 1415; x_wconf 83' lang='grc' dir='ltr'><em>μὲν</em></span> <span class='ocrx_word' id='word_1_88' title='bbox 1211 1363 1259 1403; x_wconf 85' lang='grc' dir='ltr'><em>οὐ</em></span> <span class='ocrx_word' id='word_1_89' title='bbox 1280 1365 1478 1416; x_wconf 80' lang='grc' dir='ltr'><em>δηλοῦται,</em></span> 
     </span>
    </p>

    <p class='ocr_par' dir='ltr' id='par_1_5' title="bbox 82 1426 1479 1739">
     <span class='ocr_line' id='line_1_13' title="bbox 82 1426 1477 1482; baseline 0.001 -15"><span class='ocrx_word' id='word_1_90' title='bbox 82 1442 115 1467; x_wconf 85' lang='grc'><em>10</em></span> <span class='ocrx_word' id='word_1_91' title='bbox 134 1426 175 1466; x_wconf 81' lang='grc' dir='ltr'><em>ἐκ</em></span> <span class='ocrx_word' id='word_1_92' title='bbox 207 1427 248 1467; x_wconf 82' lang='grc' dir='ltr'><em>δὲ</em></span> <span class='ocrx_word' id='word_1_93' title='bbox 279 1433 357 1467; x_wconf 87' lang='grc' dir='ltr'><em>τῶν</em></span> <span class='ocrx_word' id='word_1_94' title='bbox 392 1430 640 1466; x_wconf 81' lang='grc' dir='ltr'><em>Φιλιππικῶν</em></span> <span class='ocrx_word' id='word_1_95' title='bbox 671 1428 851 1480; x_wconf 81' lang='grc' dir='ltr'><em>ἱστοριῶν</em></span> <span class='ocrx_word' id='word_1_96' title='bbox 884 1432 1027 1478; x_wconf 79' lang='grc' dir='ltr'><em>μαθεῖν</em></span> <span class='ocrx_word' id='word_1_97' title='bbox 1059 1429 1240 1469; x_wconf 84' lang='grc' dir='ltr'><em>δυνατόν.</em></span> <span class='ocrx_word' id='word_1_98' title='bbox 1277 1428 1374 1468; x_wconf 83' lang='grc' dir='ltr'><em>κατὰ</em></span> <span class='ocrx_word' id='word_1_99' title='bbox 1404 1429 1477 1482; x_wconf 80' lang='grc' dir='ltr'><em>γὰρ</em></span> 
     </span>
     <span class='ocr_line' id='line_1_14' title="bbox 134 1491 1478 1544; baseline 0.001 -12"><span class='ocrx_word' id='word_1_100' title='bbox 134 1499 272 1532; x_wconf 89' lang='grc' dir='ltr'><em>τοῦτον</em></span> <span class='ocrx_word' id='word_1_101' title='bbox 305 1492 373 1532; x_wconf 87' lang='grc' dir='ltr'><em>τὸν</em></span> <span class='ocrx_word' id='word_1_102' title='bbox 408 1491 545 1543; x_wconf 84' lang='grc' dir='ltr'><em>καιρὸν</em></span> <span class='ocrx_word' id='word_1_103' title='bbox 579 1491 728 1543; x_wconf 74' lang='grc' dir='ltr'><em>ἔπεμψε</em></span> <span class='ocrx_word' id='word_1_104' title='bbox 762 1492 940 1544; x_wconf 84' lang='grc' dir='ltr'><em>πρέσβεις</em></span> <span class='ocrx_word' id='word_1_105' title='bbox 973 1492 992 1532; x_wconf 87' lang='grc' dir='ltr'><em>ὃ</em></span> <span class='ocrx_word' id='word_1_106' title='bbox 1028 1494 1222 1541; x_wconf 88' lang='grc' dir='ltr'><em>Φίλιππος</em></span> <span class='ocrx_word' id='word_1_107' title='bbox 1256 1493 1353 1544; x_wconf 87' lang='grc' dir='ltr'><em>πρὸς</em></span> <span class='ocrx_word' id='word_1_108' title='bbox 1387 1494 1478 1540; x_wconf 84' lang='grc' dir='ltr'><em>τοὺς</em></span> 
     </span>
     <span class='ocr_line' id='line_1_15' title="bbox 131 1554 1479 1610; baseline 0.001 -14"><span class='ocrx_word' id='word_1_109' title='bbox 131 1554 384 1608; x_wconf 77' lang='grc' dir='ltr'><em>Ἀθηναίους,</em></span> <span class='ocrx_word' id='word_1_110' title='bbox 418 1557 646 1608; x_wconf 81' lang='grc' dir='ltr'><em>αἰτιώμενος</em></span> <span class='ocrx_word' id='word_1_111' title='bbox 678 1557 735 1596; x_wconf 78' lang='grc' dir='ltr'><em>ὅτι</em></span> <span class='ocrx_word' id='word_1_112' title='bbox 767 1558 1043 1609; x_wconf 75' lang='grc' dir='ltr'><em>διαβάλλουσιν</em></span> <span class='ocrx_word' id='word_1_113' title='bbox 1074 1557 1194 1597; x_wconf 85' lang='grc' dir='ltr'><em>αὐτὸν</em></span> <span class='ocrx_word' id='word_1_114' title='bbox 1226 1559 1351 1610; x_wconf 83' lang='grc' dir='ltr'><em>μάτην</em></span> <span class='ocrx_word' id='word_1_115' title='bbox 1382 1558 1479 1610; x_wconf 84' lang='grc' dir='ltr'><em>πρὸς</em></span> 
     </span>
     <span class='ocr_line' id='line_1_16' title="bbox 134 1620 1478 1676; baseline 0.001 -15"><span class='ocrx_word' id='word_1_116' title='bbox 134 1622 226 1670; x_wconf 85' lang='grc' dir='ltr'><em>τοὺς</em></span> <span class='ocrx_word' id='word_1_117' title='bbox 239 1620 450 1673; x_wconf 64' lang='grc' dir='ltr'><em>’Έλληνας,</em></span> <span class='ocrx_word' id='word_1_118' title='bbox 483 1620 535 1669; x_wconf 84' lang='grc' dir='ltr'><em>ὣς</em></span> <span class='ocrx_word' id='word_1_119' title='bbox 561 1621 886 1674; x_wconf 78' lang='grc' dir='ltr'><em>ἐπαγγειλάμενον</em></span> <span class='ocrx_word' id='word_1_120' title='bbox 918 1623 1051 1670; x_wconf 80' lang='grc' dir='ltr'><em>αὐτοῖς</em></span> <span class='ocrx_word' id='word_1_121' title='bbox 1082 1622 1203 1662; x_wconf 83' lang='grc' dir='ltr'><em>πολλὰ</em></span> <span class='ocrx_word' id='word_1_122' title='bbox 1229 1623 1294 1662; x_wconf 86' lang='grc' dir='ltr'><em>καὶ</em></span> <span class='ocrx_word' id='word_1_123' title='bbox 1321 1624 1478 1676; x_wconf 82' lang='grc' dir='ltr'><em>μεγάλα,</em></span> 
     </span>
     <span class='ocr_line' id='line_1_17' title="bbox 134 1683 1478 1739; baseline 0.001 -13"><span class='ocrx_word' id='word_1_124' title='bbox 134 1687 385 1738; x_wconf 82' lang='grc' dir='ltr'><em>ψευσάμενον</em></span> <span class='ocrx_word' id='word_1_125' title='bbox 412 1686 469 1726; x_wconf 86' lang='grc' dir='ltr'><em>δέ·</em></span> <span class='ocrx_word' id='word_1_126' title='bbox 504 1686 620 1726; x_wconf 81' lang='grc' dir='ltr'><em>οὐδὲν</em></span> <span class='ocrx_word' id='word_1_127' title='bbox 647 1686 718 1739; x_wconf 81' lang='grc' dir='ltr'><em>γὰρ</em></span> <span class='ocrx_word' id='word_1_128' title='bbox 745 1687 993 1739; x_wconf 84' lang='grc' dir='ltr'><em>ύπεσχῆσθαί</em></span> <span class='ocrx_word' id='word_1_129' title='bbox 1010 1700 1133 1739; x_wconf 83' lang='grc' dir='ltr'><em>φησιν</em></span> <span class='ocrx_word' id='word_1_130' title='bbox 1158 1683 1244 1727; x_wconf 86' lang='grc' dir='ltr'><em>οὐδ’</em></span> <span class='ocrx_word' id='word_1_131' title='bbox 1269 1687 1478 1738; x_wconf 79' lang='grc' dir='ltr'><em>ἐψεῦσθαι,</em></span> 
     </span>
    </p>

    <p class='ocr_par' dir='ltr' id='par_1_6' title="bbox 82 1751 1478 1933">
     <span class='ocr_line' id='line_1_18' title="bbox 82 1751 1478 1804; baseline -0.001 -12"><span class='ocrx_word' id='word_1_132' title='bbox 82 1765 114 1792; x_wconf 79' lang='lat'><em>1⁶</em></span> <span class='ocrx_word' id='word_1_133' title='bbox 134 1751 200 1792; x_wconf 84' lang='grc' dir='ltr'><em>καὶ</em></span> <span class='ocrx_word' id='word_1_134' title='bbox 225 1751 311 1803; x_wconf 85' lang='grc' dir='ltr'><em>περὶ</em></span> <span class='ocrx_word' id='word_1_135' title='bbox 337 1752 485 1790; x_wconf 82' lang='grc' dir='ltr'><em>τούτων</em></span> <span class='ocrx_word' id='word_1_136' title='bbox 505 1751 681 1803; x_wconf 80' lang='grc' dir='ltr'><em>ἐλέγχους</em></span> <span class='ocrx_word' id='word_1_137' title='bbox 707 1751 869 1792; x_wconf 82' lang='grc' dir='ltr'><em>ἀπαιτεῖ.</em></span> <span class='ocrx_word' id='word_1_138' title='bbox 901 1752 1082 1803; x_wconf 75' lang='grc' dir='ltr'><em>ἔπεμψαν</em></span> <span class='ocrx_word' id='word_1_139' title='bbox 1102 1751 1142 1792; x_wconf 84' lang='grc' dir='ltr'><em>δὲ</em></span> <span class='ocrx_word' id='word_1_140' title='bbox 1163 1752 1255 1804; x_wconf 80' lang='grc' dir='ltr'><em>μετὰ</em></span> <span class='ocrx_word' id='word_1_141' title='bbox 1279 1754 1478 1792; x_wconf 87' lang='grc' dir='ltr'><em>Φιλίππου</em></span> 
     </span>
     <span class='ocr_line' id='line_1_19' title="bbox 134 1813 1478 1869; baseline -0.001 -12"><span class='ocrx_word' id='word_1_142' title='bbox 134 1817 199 1857; x_wconf 87' lang='grc' dir='ltr'><em>καὶ</em></span> <span class='ocrx_word' id='word_1_143' title='bbox 220 1813 387 1869; x_wconf 87' lang='grc' dir='ltr'><em>Ἀργεῖοι</em></span> <span class='ocrx_word' id='word_1_144' title='bbox 411 1816 478 1855; x_wconf 81' lang='grc' dir='ltr'><em>καὶ</em></span> <span class='ocrx_word' id='word_1_145' title='bbox 505 1817 730 1867; x_wconf 85' lang='grc' dir='ltr'><em>Μεσσήνιοι</em></span> <span class='ocrx_word' id='word_1_146' title='bbox 754 1816 931 1869; x_wconf 81' lang='grc' dir='ltr'><em>πρέσβεις</em></span> <span class='ocrx_word' id='word_1_147' title='bbox 962 1817 1016 1864; x_wconf 86' lang='grc' dir='ltr'><em>εἰς</em></span> <span class='ocrx_word' id='word_1_148' title='bbox 1037 1813 1225 1868; x_wconf 79' lang='grc' dir='ltr'><em>Ἀθήνας,</em></span> <span class='ocrx_word' id='word_1_149' title='bbox 1257 1818 1478 1868; x_wconf 85' lang='grc' dir='ltr'><em>αἰτιώμενοι</em></span> 
     </span>
     <span class='ocr_line' id='line_1_20' title="bbox 133 1877 1478 1933; baseline 0 -13"><span class='ocrx_word' id='word_1_150' title='bbox 133 1881 199 1921; x_wconf 85' lang='grc' dir='ltr'><em>καὶ</em></span> <span class='ocrx_word' id='word_1_151' title='bbox 219 1877 328 1921; x_wconf 82' lang='grc' dir='ltr'><em>οὗτοι</em></span> <span class='ocrx_word' id='word_1_152' title='bbox 346 1881 414 1920; x_wconf 88' lang='grc' dir='ltr'><em>τὸν</em></span> <span class='ocrx_word' id='word_1_153' title='bbox 434 1883 562 1933; x_wconf 81' lang='grc' dir='ltr'><em>δῆμον</em></span> <span class='ocrx_word' id='word_1_154' title='bbox 583 1882 640 1921; x_wconf 79' lang='grc' dir='ltr'><em>ὅτι</em></span> <span class='ocrx_word' id='word_1_155' title='bbox 659 1882 989 1932; x_wconf 82' lang='grc' dir='ltr'><em>Λακεδαιμονίοις</em></span> <span class='ocrx_word' id='word_1_156' title='bbox 1008 1881 1386 1933; x_wconf 84' lang='grc' dir='ltr'><em>καταδουλουμένοις</em></span> <span class='ocrx_word' id='word_1_157' title='bbox 1406 1882 1478 1933; x_wconf 83' lang='grc' dir='ltr'><em>τὴν</em></span> 
     </span>
    </p>

    <p class='ocr_par' dir='ltr' id='par_1_7' title="bbox 80 1937 1523 2064">
     <span class='ocr_line' id='line_1_21' title="bbox 80 1937 1477 1999; baseline 0 -14"><span class='ocrx_word' id='word_1_158' title='bbox 80 1937 85 1941; x_wconf 41' lang='grc'><strong>’</strong></span> <span class='ocrx_word' id='word_1_159' title='bbox 135 1946 443 1997; x_wconf 83' lang='grc' dir='ltr'><em>Πελοπόννησον</em></span> <span class='ocrx_word' id='word_1_160' title='bbox 468 1945 609 1993; x_wconf 74' lang='grc' dir='ltr'><em>εὔνους</em></span> <span class='ocrx_word' id='word_1_161' title='bbox 635 1943 666 1985; x_wconf 91' lang='grc' dir='ltr'><em>τ’</em></span> <span class='ocrx_word' id='word_1_162' title='bbox 699 1946 801 1986; x_wconf 81' lang='grc' dir='ltr'><em>ἐστὶν</em></span> <span class='ocrx_word' id='word_1_163' title='bbox 827 1946 891 1985; x_wconf 82' lang='grc' dir='ltr'><em>καὶ</em></span> <span class='ocrx_word' id='word_1_164' title='bbox 918 1951 1132 1999; x_wconf 79' lang='grc' dir='ltr'><em>συγκροτεῖ,</em></span> <span class='ocrx_word' id='word_1_165' title='bbox 1165 1946 1298 1994; x_wconf 81' lang='grc' dir='ltr'><em>αὐτοῖς</em></span> <span class='ocrx_word' id='word_1_166' title='bbox 1324 1946 1365 1986; x_wconf 84' lang='grc' dir='ltr'><em>δὲ</em></span> <span class='ocrx_word' id='word_1_167' title='bbox 1391 1946 1477 1999; x_wconf 84' lang='grc' dir='ltr'><em>περὶ</em></span> 
     </span>
     <span class='ocr_line' id='line_1_22' title="bbox 135 2006 1523 2064; baseline 0.001 -14"><span class='ocrx_word' id='word_1_168' title='bbox 135 2011 359 2064; x_wconf 80' lang='grc' dir='ltr'><em>ἐλευθερίας</em></span> <span class='ocrx_word' id='word_1_169' title='bbox 389 2015 625 2062; x_wconf 87' lang='grc' dir='ltr'><em>πολεμοῦσιν</em></span> <span class='ocrx_word' id='word_1_170' title='bbox 657 2011 912 2051; x_wconf 81' lang='grc' dir='ltr'><em>ἐναντιοῦται.</em></span> <span class='ocrx_word' id='word_1_171' title='bbox 947 2011 1164 2063; x_wconf 82' lang='grc' dir='ltr'><em>ἀποροῦσιν</em></span> <span class='ocrx_word' id='word_1_172' title='bbox 1190 2006 1264 2051; x_wconf 81' lang='grc' dir='ltr'><em>οὖν</em></span> <span class='ocrx_word' id='word_1_173' title='bbox 1297 2013 1338 2051; x_wconf 79' lang='grc' dir='ltr'><em>οἱ</em></span> <span class='ocrx_word' id='word_1_174' title='bbox 1355 2008 1476 2063; x_wconf 84' lang='grc' dir='ltr'><strong><em>Ἀθη-</em></strong></span> <span class='ocrx_word' id='word_1_175' title='bbox 1503 2021 1523 2052; x_wconf 91' lang='grc'><strong>3</strong></span> 
     </span>
    </p>

    <p class='ocr_par' dir='ltr' id='par_1_8' title="bbox 81 2075 1477 2259">
     <span class='ocr_line' id='line_1_23' title="bbox 81 2075 1474 2129; baseline 0 -13"><span class='ocrx_word' id='word_1_176' title='bbox 81 2090 115 2116; x_wconf 73' lang='lat'><em>20</em></span> <span class='ocrx_word' id='word_1_177' title='bbox 134 2080 242 2116; x_wconf 85' lang='grc' dir='ltr'><em>ναῖοι</em></span> <span class='ocrx_word' id='word_1_178' title='bbox 266 2075 330 2115; x_wconf 82' lang='grc' dir='ltr'><em>καὶ</em></span> <span class='ocrx_word' id='word_1_179' title='bbox 355 2076 451 2128; x_wconf 90' lang='grc' dir='ltr'><em>πρὸς</em></span> <span class='ocrx_word' id='word_1_180' title='bbox 477 2076 544 2115; x_wconf 87' lang='grc' dir='ltr'><em>τὸν</em></span> <span class='ocrx_word' id='word_1_181' title='bbox 568 2077 765 2115; x_wconf 84' lang='grc' dir='ltr'><em>Φίλιππον</em></span> <span class='ocrx_word' id='word_1_182' title='bbox 785 2075 1024 2129; x_wconf 86' lang='grc' dir='ltr'><em>ἀποκρίσεως</em></span> <span class='ocrx_word' id='word_1_183' title='bbox 1043 2076 1106 2116; x_wconf 84' lang='grc' dir='ltr'><em>καὶ</em></span> <span class='ocrx_word' id='word_1_184' title='bbox 1127 2076 1224 2127; x_wconf 88' lang='grc' dir='ltr'><em>πρὸς</em></span> <span class='ocrx_word' id='word_1_185' title='bbox 1244 2076 1311 2124; x_wconf 84' lang='grc' dir='ltr'><em>τὰς</em></span> <span class='ocrx_word' id='word_1_186' title='bbox 1330 2076 1474 2124; x_wconf 87' lang='grc' dir='ltr'><em>πόλεις·</em></span> 
     </span>
     <span class='ocr_line' id='line_1_24' title="bbox 135 2136 1477 2194; baseline 0.001 -14"><span class='ocrx_word' id='word_1_187' title='bbox 135 2140 260 2194; x_wconf 78' lang='grc' dir='ltr'><em>(πρὸς</em></span> <span class='ocrx_word' id='word_1_188' title='bbox 288 2140 358 2192; x_wconf 85' lang='grc' dir='ltr'><em>μὲν</em></span> <span class='ocrx_word' id='word_1_189' title='bbox 383 2140 450 2188; x_wconf 85' lang='grc' dir='ltr'><em>τὰς</em></span> <span class='ocrx_word' id='word_1_190' title='bbox 475 2138 646 2191; x_wconf 76' lang='grc' dir='ltr'><em>πόλεις),</em></span> <span class='ocrx_word' id='word_1_191' title='bbox 673 2141 730 2180; x_wconf 81' lang='grc' dir='ltr'><em>ὅτι</em></span> <span class='ocrx_word' id='word_1_192' title='bbox 755 2136 863 2181; x_wconf 81' lang='grc' dir='ltr'><em>εὖνοι</em></span> <span class='ocrx_word' id='word_1_193' title='bbox 882 2140 953 2192; x_wconf 83' lang='grc' dir='ltr'><em>μέν</em></span> <span class='ocrx_word' id='word_1_194' title='bbox 972 2142 1044 2181; x_wconf 81' lang='grc' dir='ltr'><em>εἰσι</em></span> <span class='ocrx_word' id='word_1_195' title='bbox 1063 2142 1392 2193; x_wconf 84' lang='grc' dir='ltr'><em>Λακεδαιμονίοις</em></span> <span class='ocrx_word' id='word_1_196' title='bbox 1411 2141 1477 2181; x_wconf 85' lang='grc' dir='ltr'><em>καὶ</em></span> 
     </span>
     <span class='ocr_line' id='line_1_25' title="bbox 137 2203 1477 2259; baseline 0.001 -14"><span class='ocrx_word' id='word_1_197' title='bbox 137 2207 209 2258; x_wconf 84' lang='grc' dir='ltr'><em>τὴν</em></span> <span class='ocrx_word' id='word_1_198' title='bbox 241 2213 317 2246; x_wconf 87' lang='grc' dir='ltr'><em>τῶν</em></span> <span class='ocrx_word' id='word_1_199' title='bbox 344 2203 528 2259; x_wconf 86' lang='grc' dir='ltr'><em>Ἀργείων</em></span> <span class='ocrx_word' id='word_1_200' title='bbox 559 2205 624 2245; x_wconf 84' lang='grc' dir='ltr'><em>καὶ</em></span> <span class='ocrx_word' id='word_1_201' title='bbox 656 2207 898 2257; x_wconf 87' lang='grc' dir='ltr'><em>Μεσσηνίων</em></span> <span class='ocrx_word' id='word_1_202' title='bbox 932 2206 1023 2257; x_wconf 82' lang='grc' dir='ltr'><em>μετὰ</em></span> <span class='ocrx_word' id='word_1_203' title='bbox 1059 2207 1257 2245; x_wconf 89' lang='grc' dir='ltr'><em>Φιλίππου</em></span> <span class='ocrx_word' id='word_1_204' title='bbox 1293 2207 1477 2246; x_wconf 87' lang='grc' dir='ltr'><em>σύστασιν</em></span> 
     </span>
    </p>
   </div>
  </div>
 </body>
</html>
