1689 2531
743 598 804 640 XI

9 701 84 738 152
105 694 289 743 ΠΡΟΣ
314 695 458 742 THN
484 694 898 743 ΕΠΙΣΤΟΛΗΝ
923 695 1069 742 ΤΗΝ
1095 695 1447 744 ΦΙΛΙΠΠΟΤ

648 798 903 832 ΤΠΟΘΕΣῙΣ

156 880 199 924 Ὁ
213 886 407 932 Φίλιππος
421 883 518 935 πρὸς
530 884 622 932 τοὺς
630 880 870 935 Ἀθηναίους
883 884 1089 936 πέπομφεν
1100 885 1319 936 ἐπιστολήν,
1331 902 1446 937 κατη-

101 956 229 1003 γορῶν
256 949 385 989 αὐτῶν
409 948 475 988 καὶ
500 949 669 1001 πόλεμον
694 951 973 1002 προκηρύττων
997 948 1190 1001 ἄντικρυς.
1223 947 1349 990 οὐκέτ’
1374 947 1447 991 οὗν

101 1013 121 1054 ὁ
146 1015 274 1067 ῥήτωρ
300 1015 428 1054 πείθει
454 1014 545 1062 τοὺς
567 1010 809 1065 Ἀθηναίους
828 1017 1008 1065 πολεμεῖν
1029 1011 1199 1068 (ἀνάγκη
1219 1012 1326 1069 γάρ),
1352 1015 1446 1055 ἀλλὰ

99 1080 291 1131 θαρσύνει
315 1079 412 1131 πρὸς
437 1079 503 1119 τὸν
528 1080 735 1129 κίνδυνον,
761 1079 1043 1132 εὖκαθαίρετον
1069 1079 1189 1132 λέγων
1216 1081 1283 1120 τὸν
1307 1083 1446 1120 Μακε-

64 1158 80 1184 5
101 1143 208 1182 δόνα.

148 1233 242 1278 Ὅτι
267 1236 347 1288 μὲν
373 1233 405 1277 ὦ
433 1236 588 1289 ἄνδρες
605 1234 829 1289 Ἀθηναῖοι
861 1237 1074 1286 Φίλιππος
1107 1236 1186 1278 οὐκ
1214 1235 1444 1291 ἐποιήσατο

98 1307 177 1361 τὴν
211 1307 390 1361 εἰρήνην
424 1307 531 1361 πρὸς
566 1308 693 1361 ἡμᾶς,
728 1305 819 1347 ἀλλ’
861 1305 1095 1360 ἀνεβάλετο
1130 1308 1208 1349 τὸν
1241 1309 1446 1363 πόλεμον,

96 1383 230 1419 πᾶσιν
266 1377 372 1430 ὑμῖν
410 1378 605 1432 φανερὸν
637 1377 836 1431 γέγονεν·
881 1375 1028 1431 ἐπειδὴ
1060 1378 1142 1432 γὰρ
1180 1380 1444 1432 Φαρσαλίοις

89 1445 211 1489 Ἄλον
235 1447 487 1503 παρέδωκεν
512 1449 583 1489 καὶ
609 1448 661 1489 τὰ
686 1448 785 1501 περὶ
810 1447 983 1498 Φωκέας
1011 1449 1252 1504 διῳκήσατο
1273 1450 1344 1491 καὶ
1363 1452 1444 1504 τὴν

44 1537 77 1562 ιο
101 1516 282 1575 Θρᾴκην
312 1518 629 1572 κατεστρέψατο
656 1524 818 1572 πᾶσαν,
853 1519 990 1568 αἰτίας
1017 1519 1096 1560 οὐκ
1123 1521 1256 1570 οὔσας
1282 1522 1444 1562 πλασά-

94 1604 223 1642 μενος
249 1589 321 1631 καὶ
340 1590 580 1644 προφάσεις
601 1589 778 1638 ἀδίκους
799 1587 988 1643 ἐξευρὼν
1007 1595 1065 1647 τῷ
1079 1590 1159 1642 μὲν
1179 1588 1290 1647 ἔργῳ
1311 1592 1443 1634 πάλαι

94 1663 272 1713 πολεμεῖ
302 1660 410 1714 πρὸς
441 1661 522 1714 τὴν
553 1661 701 1714 πόλιν,
732 1665 790 1716 τῷ
818 1660 866 1701 δὲ
893 1661 1005 1717 λόγῳ
1032 1667 1117 1702 νῦν
1143 1661 1346 1716 ὁμολογεῖ
1372 1664 1444 1705 διὰ

94 1737 167 1785 τῆς
206 1728 432 1785 ἐπιστολῆς
470 1728 519 1785 ἧς
557 1729 765 1783 ἔπεμψεν·
804 1731 869 1772 ὅτι
908 1731 956 1772 δὲ
987 1732 1067 1786 χρὴ
1099 1730 1196 1786 μήτ’
1230 1732 1443 1787 ὀρρωδεῖν
1469 1745 1488 1774 2

93 1802 201 1855 ἡμᾶς
233 1803 313 1856 τὴν
345 1800 513 1844 ἐκείνου
547 1803 736 1854 δύναμιν
768 1799 862 1855 μήτ’
900 1801 1088 1856 ἀγεννῶς
1127 1802 1442 1859 ἀντιταχθῆναι

42 1890 74 1916 15
93 1873 201 1923 πρὸς
227 1872 375 1926 αὐτόν,
400 1872 508 1915 ἀλλὰ
533 1874 604 1914 καὶ
632 1873 798 1925 σώμασι
824 1873 894 1914 καὶ
921 1875 1106 1927 χρήμασι
1127 1874 1197 1915 καὶ
1217 1875 1348 1916 ναυσὶ
1368 1874 1584 1935 uocixffs'lifflo

0 1947 72 1983 153
92 1949 226 1984 πᾶσιν
258 1944 313 1993 ὡς
346 1942 489 1994 ἁπλῶς
524 1945 662 1986 εἰπεῖν
689 1943 878 1997 ἀφειδῶς
905 1943 1089 1997 ὁρμῆσαι
1115 1946 1222 1999 πρὸς
1248 1944 1584 2001 vbvlnd-xvmss

96 2017 240 2069 λεμον,
265 2012 347 2068 ἐγὼ
374 2015 632 2069 πειράσομαι
659 2014 894 2056 διδάσκειν.
927 2023 1100 2069 πρῶτον
1120 2016 1199 2068 μὲν
1224 2016 1306 2070 γὰρ
1328 2017 1440 2066 εἰκὸς
1465 2016 1582 2076 ΑξῗῗΠ

95 2081 126 2125 ὦ
148 2085 303 2139 ἄνδρες
325 2084 544 2139 Ἀθηναῖοι
570 2087 671 2134 τοὺς
691 2086 825 2134 θεοὺς
850 2086 1080 2139 μεγίστους
1107 2087 1209 2140 ἡμῖν
1229 2087 1441 2142 ὑπάρχειν
1485 2089 1509 2119 ²³
1524 2089 1556 2112 ¹⁰

94 2156 344 2210 συμμάχους
364 2156 435 2197 καὶ
454 2156 663 2210 βοηθούς,
689 2153 751 2197 ὧν
772 2154 934 2206 ἐκεῖνος
954 2156 1028 2205 τὰς
1042 2158 1205 2206 πίστεις
1220 2157 1441 2211 ὑπεριδὼν

0 2223 1 2255 ἢ
38 2243 72 2270 20
92 2226 162 2267 καὶ
194 2228 295 2276 τοὺς
328 2226 484 2278 ὅρκους
515 2226 706 2280 ὑπερβὰς
740 2226 920 2268 λέλυκεν
954 2225 1111 2277 ἀδίκως
1137 2229 1217 2282 τὴν
1244 2229 1439 2282 εἰρήνην·

0 2261 2 2364 ἱ
