1689 2531
218 87 299 127 168
704 87 1078 121 ΔΗΜΟΣΘΕΝΟΤΣ
1473 89 1560 133 [XIV

213 188 337 237 νοῦν,
362 180 480 237 ὥστ’,
506 184 542 224 εἰ
563 182 721 232 πάντες
741 184 782 224 οἱ
809 182 1008 236 λέγοντες
1035 185 1220 237 φοβοῖεν
1246 183 1301 233 ὡς
1326 182 1418 238 ’ἥξει
1436 186 1561 237 βασι-

215 254 326 308 λεύς,
358 254 414 303 ὡς
446 253 668 308 πάρεστιν,
699 254 755 303 ὡς
788 251 881 295 οὐδ’
920 247 1016 295 οἷόν
1047 269 1093 295 τε
1118 251 1236 295 ταῦτ’
1269 254 1408 304 ἄλλως
1434 252 1561 310 ἔχειν,

214 325 285 366 καὶ
310 325 416 377 μετὰ
441 333 529 366 τῶν
556 326 775 378 λεγόντων
802 325 889 366 ’ίσοι
916 325 963 366 τὸ
984 328 1154 379 πλῆθος
1174 325 1344 374 τούτοις
1364 337 1560 383 χρησμῳ-

215 397 347 450 δοῖεν,
373 395 425 437 οὐ
452 397 590 448 μόνον
617 395 697 438 οὐκ
724 395 778 437 ἂν
804 395 1109 450 εἰσενέγκαιεν,
1141 393 1233 437 ἀλλ’
1266 395 1361 437 οὐδ’
1394 395 1448 437 ἂν
1474 397 1561 438 δεί-

143 477 185 508 26
213 466 333 517 ξαιεν
370 465 464 508 οὐδ’
513 466 567 508 ἂν
603 467 920 521 ὁμολογήσαιεν
957 470 1207 520 κεκτῆσθαι.
1257 468 1294 508 εἰ
1326 466 1476 520 μέντοι
1509 468 1597 511 τὰε,

213 544 298 579 νῦν
325 538 398 579 διὰ
422 546 511 579 τῶν
538 538 682 592 λόγων
708 538 877 592 φοβερὰ
902 535 1014 594 ἔργω
1035 535 1292 592 πραττόμεν’
1319 538 1563 593 αἴσθοιντο,

214 608 358 658 οὐδεὶς
397 608 535 658 οὕτως
573 609 747 662 ἠλίθιός
787 607 905 650 ἐστιν
945 609 1061 658 ὅστις
1100 608 1198 663 οὐχὶ
1236 608 1318 650 κᾶν
1356 610 1453 663 δοίη
1491 610 1563 650 καὶ

213 687 383 733 πρῶτος
411 679 669 734 εἰσενέγκαι·
713 681 776 729 τίς
803 681 885 734 γὰρ
913 681 1136 734 αἶρήσεται
1155 683 1323 733 μᾶλλον
1343 680 1472 730 αὐτὸς
1492 681 1563 722 καὶ

217 751 268 792 τὰ
294 749 383 792 ὄντ’
416 750 688 792 ἀπολωλέναι
714 750 739 804 ἦ
767 751 895 805 μέρος
921 758 1010 792 τῶν
1036 753 1178 793 ὄντων
1204 751 1313 804 ὑπὲρ
1335 751 1471 793 αὑτοῦ
1491 752 1563 793 καὶ

216 828 304 863 τῶν
347 825 514 863 λοιπῶν
550 823 832 876 εἰσενεγκεῖν;
873 824 1068 877 χρήματα
1102 823 1182 875 μὲν
1218 823 1271 876 δή
1306 820 1410 878 φήμ’
1451 818 1564 865 εἶναι
1584 839 1617 864 10

216 894 331 947 τότε,
370 892 424 934 ἂν
462 894 518 942 ὡς
557 892 734 947 ἀληθῶς
773 893 862 951 δέῃ,
899 895 1114 947 πρότερον
1152 892 1190 935 δ’
1235 894 1299 936 οὔ.
1350 895 1419 936 διὸ
1456 894 1564 948 μηδὲ

218 967 358 1018 ζητεῖν
384 972 601 1019 παραινῶ·
641 965 721 1006 ὅσα
746 965 828 1019 γὰρ
847 964 850 1020 Ι
867 970 952 1006 νῦν
978 962 1191 1018 πορίσαιτ’
1218 965 1285 1019 ἄν,
1310 966 1347 1006 εἰ
1366 965 1564 1019 προέλοι-

215 1039 298 1076 σθε
324 1037 529 1089 πορίζειν,
554 1037 717 1077 πλείων
744 1034 834 1076 ἐστὶ
854 1034 989 1089 γέλως
1009 1041 1087 1076 τοῦ
1108 1035 1304 1090 μηδενός.
1343 1035 1450 1090 φέρε
1468 1036 1565 1091 γάρ,

214 1104 451 1160 ἑκατοστήν
476 1122 540 1156 τις
567 1107 789 1161 εἰσφέρειν
815 1105 905 1159 ἐρεῖ
929 1112 1033 1158 νῦν;
1066 1106 1232 1148 οὐκοῦν
1258 1105 1466 1160 ἑξήκοντα
1490 1107 1562 1148 τά-

214 1180 360 1219 λαντα.
412 1176 521 1218 ἀλλὰ
547 1179 846 1231 πεντηκοστήν
872 1193 937 1227 τις
964 1176 1064 1231 ἐρεῖ,
1089 1178 1137 1219 τὸ
1166 1178 1372 1229 διπλοῦν;
1399 1177 1563 1220 οὐκοῦν
1584 1194 1616 1220 15

143 1047 162 1077 Ιΰ

169 1047 185 1077 *1

214 1246 368 1290 ἑκατὸν
406 1248 477 1289 καὶ
516 1248 664 1290 εἴκοσι.
716 1249 787 1290 καὶ
819 1250 863 1290 τί
894 1246 1009 1290 τοῦτ’
1046 1247 1167 1291 ἔστιν
1199 1250 1307 1304 πρὸς
1340 1250 1562 1300 διακοσίας

213 1319 284 1361 καὶ
311 1321 451 1374 χιλίας
477 1321 710 1374 καμήλους,
737 1319 785 1369 ἃς
811 1322 983 1373 βασιλεῖ
1007 1322 1060 1361 τὰ
1079 1317 1257 1375 χρήματ’
1282 1321 1406 1375 ἄγειν
1427 1321 1563 1375 φασὶν

214 1388 355 1442 οὗτοι;
400 1389 510 1432 ἀλλὰ
550 1394 619 1432 θῶ
660 1391 880 1444 βούλεσθε
917 1391 1166 1445 δωδεκάτην
1200 1392 1309 1445 ἡμᾶς
1345 1393 1564 1446 εἰσοίσειν,

213 1463 478 1504 πεντακόσια
509 1462 716 1513 τάλαντα;
754 1459 847 1503 ἀλλ’
886 1459 975 1503 οὔτ’
1015 1461 1068 1503 ἂν
1094 1461 1362 1517 ἀνάσχοισθ’
1386 1460 1494 1518 οὔτ’,
1526 1465 1562 1505 εἰ

142 1544 185 1574 528
213 1537 454 1586 καταθεῖτε,
492 1532 589 1583 ἄξια
627 1539 705 1574 τοῦ
744 1532 935 1585 πολέμου
968 1534 1019 1574 τὰ
1051 1535 1256 1588 χρήματα.
1308 1534 1375 1574 δεῖ
1405 1535 1559 1575 τοίνυν
1579 1549 1613 1574 20
1682 1536 1689 1568 1

213 1604 323 1656 ὑμᾶς
349 1605 402 1645 τὰ
427 1604 508 1656 μὲν
534 1604 643 1645 ἄλλα
669 1604 1103 1658 παρασκευάσασθαι,
1126 1605 1178 1645 τὰ
1199 1605 1246 1646 δὲ
1266 1606 1460 1659 χρήματα
1478 1611 1564 1647 νῦν

214 1675 294 1728 μὲν
336 1673 412 1716 ἐᾶν
453 1677 555 1724 τοὺς
590 1675 877 1729 κεκτημένους
911 1672 1027 1730 ἔχειν
1063 1674 1279 1731 (οὐδαμοῦ
1315 1676 1396 1729 γὰρ
1430 1674 1484 1718 ἂν
1516 1675 1564 1718 ἐν

215 1747 413 1788 καλλίονι
441 1744 620 1803 σῴζοιτο
646 1753 698 1802 τῇ
723 1744 880 1802 πόλει),
907 1744 982 1787 ἐὰν
1010 1745 1060 1787 δέ
1083 1744 1186 1788 ποθ’
1219 1743 1346 1796 οὗτος
1372 1747 1394 1788 ὁ
1415 1748 1563 1801 καιρὸς

215 1815 347 1874 ἔλθῃ,
390 1815 488 1858 τόθ’
556 1816 748 1859 ἑκόντων
789 1818 1086 1871 εἰσφερόντων
1130 1817 1275 1859 αὐτῶν
1314 1818 1563 1871 λαμβάνειν.
1586 1818 1655 1855 186

214 1894 350 1930 ταῦτα
371 1889 419 1930 δὲ
439 1889 511 1929 καὶ
532 1889 698 1930 δυνατά
719 1887 838 1930 ἐστιν
864 1885 896 1929 ὦ
918 1888 1075 1941 ἄνδρες
1086 1885 1309 1942 Ἀθηναῖοι
1335 1889 1406 1930 καὶ
1431 1888 1564 1940 πράτ-
1583 1904 1616 1930 25

215 1975 308 2001 τειν
333 1960 444 2001 καλὰ
469 1960 541 2001 καὶ
570 1959 851 2013 συμφέροντα
876 1959 948 2000 καὶ
968 1963 1140 2012 βασιλεῖ
1158 1959 1256 2013 περὶ
1276 1959 1401 2012 ὑμῶν
1421 1958 1563 2013 ἐπιτή-

217 2029 294 2072 δει’
339 2030 684 2085 ἀπαγγελθῆναι,
721 2030 793 2071 καὶ
832 2031 970 2084 φόβος
1009 2030 1089 2072 οὐκ
1125 2030 1270 2084 ὀλίγος
1307 2028 1465 2084 γένοιτ’
1509 2030 1564 2073 ἂν

144 2114 187 2144 ‘29
216 2101 365 2158 ἐκείνῳ
400 2103 473 2143 διὰ
504 2102 684 2143 τούτων.
736 2097 828 2143 οἶδε
860 2100 939 2154 μέν
971 2116 1020 2154 γε
1054 2102 1294 2150 διακοσίαις
1329 2104 1564 2156 τριήρεσιν,

214 2170 276 2215 ὧν
315 2172 470 2215 ἑκατὸν
508 2170 800 2227 παρεσχόμεθ’
839 2173 973 2226 ἡμεῖς,
1010 2174 1113 2222 τοὺς
1145 2173 1392 2226 προγόνους
1426 2172 1562 2214 αὐτοῦ

214 2246 353 2300 χιλίας
387 2243 683 2293 ἀπολέσαντας
715 2250 836 2298 ναῦς,
869 2243 1098 2285 ἀκούσεται
1131 2244 1180 2285 δὲ
1211 2244 1460 2298 τριακοσίας
1486 2243 1562 2285 αὐ-
1581 2261 1615 2286 3ο
