1689 2531
20 540 90 576 197

65 841 97 865 10

68 1193 99 1220 15

70 1547 102 1572 20

75 2253 108 2278 ³0

111 89 181 132 XV]
396 90 511 122 ΠΕΡΙ
535 90 631 122 ΤΗΣ
655 89 834 123 ΡΟΔΙΩΝ
858 91 1168 125 ΕΛΕΥΘΕΡΙΑΣ
1367 92 1448 134 179

166 181 330 225 Ἀκούω
358 181 396 225 δ’
422 182 504 237 ἐγὼ
531 185 736 234 πολλάκις
762 183 944 227 ἐνταυθὶ
971 184 1070 241 παρ’
1094 187 1199 240 ὑμῖν
1223 195 1357 230 τινῶν
1384 192 1450 230 λε-

113 254 284 307 γόντων
304 254 373 309 ὡς,
393 252 452 296 ὅτ’
471 254 687 310 ἠτύχησεν
707 256 728 297 ὁ
751 257 883 309 δῆμος
903 258 1036 313 ἡμῶν,
1057 260 1451 313 συνεβουλήθησάν

113 339 228 373 τινες
265 324 400 366 αὐτὸν
438 329 655 382 σωθῆναι·
698 323 761 368 ὧν
798 326 880 381 ἐγὼ
913 329 1061 380 μόνων
1084 326 1285 383 Ἀργείων
1317 329 1365 372 ἐν
1399 336 1458 388 τῷ

113 396 298 448 παρόντι
323 398 631 449 μνησθήσομαι
651 398 792 452 βραχύ
817 414 869 440 τι.
901 398 953 440 οὐ
973 400 1056 453 γὰρ
1077 399 1131 440 ἂν
1150 400 1259 452 ὑμᾶς
1278 403 1453 454 βουλοί-

114 481 213 519 μην,
250 465 383 515 δόξαν
419 464 596 521 ἔχοντας
633 473 711 509 τοῦ
745 466 896 526 σῴζειν
920 471 1021 519 τοὺς
1053 469 1319 525 ἀτυχοῦντας
1346 472 1449 527 &siff

114 537 285 590 χείρους
305 534 505 591 Ἀργείων
531 536 578 579 ἐν
603 539 737 596 ταύτῃ
762 546 814 595 τῇ
839 540 990 593 πράξει
1017 547 1223 596 φανῆναι,
1248 544 1290 583 οἳ
1309 543 1454 597 χώραν

116 607 278 659 ὅμορον
310 615 360 663 τῇ
386 609 745 661 Λακεδαιμονίων
780 612 1014 666 οἰκοῦντες,
1046 612 1231 666 ὁρῶντες
1263 611 1454 663 ἐκείνους

115 683 192 731 γῆς
223 678 294 719 καὶ
325 679 543 733 θαλάττης
575 681 798 736 ἄρχοντας,
830 682 909 723 οὐκ
941 681 1202 736 ἀπώκνησαν
1228 682 1321 725 οὐδ’
1354 683 1455 738 ἐφο-

115 749 320 802 βήθησαν
347 749 553 800 εὐνοϊκῶς
579 751 683 804 ὑμῖν
709 750 879 806 ἔχοντες
901 760 1106 808 φανῆναι,
1131 753 1239 795 ἀλλὰ
1259 755 1329 796 καὶ
1355 755 1456 809 πρέ-

118 821 235 872 σβεις
256 818 467 870 ἐλθόντας
488 819 532 862 ἐκ
553 823 891 877 Λακεδαίμονος,
909 824 966 873 ὥς
987 835 1134 879 φασιν,
1156 823 1456 879 ἐξαιτήσοντάς

117 906 237 940 τινας
268 898 355 932 τῶν
388 892 600 946 φυγάδων
625 900 712 934 τῶν
738 894 958 949 ὑμετέρων
984 894 1268 950 ἐψηφίσαντο,
1299 895 1375 938 ἐὰν
1399 898 1456 951 μὴ

117 963 200 1014 πρὸ
240 963 364 1016 ἡλίου
405 964 561 1013 δύντος
599 963 967 1020 ἀπαλλάττωνται,
1009 967 1240 1018 πολεμίους
1278 975 1456 1022 κρινεῖν.

119 1028 193 1073 εἶτ’
219 1033 299 1074 οὐκ
323 1035 505 1088 αἰσχρὸν
531 1032 562 1075 ὦ
584 1035 739 1089 ἄνδρες
762 1033 998 1091 Ἀθηναῖοι,
1025 1038 1060 1078 εἰ
1087 1038 1134 1078 τὸ
1160 1038 1240 1089 μὲν
1256 1036 1458 1092 Ἀργείων

118 1106 287 1157 πλῆθος
315 1104 394 1145 οὐκ
420 1103 622 1159 ἐφοβήθη
650 1107 729 1160 τὴν
749 1107 1108 1159 Λακεδαιμονίων
1129 1107 1265 1162 ἀρχὴν
1286 1108 1333 1150 ἐν
1354 1107 1459 1150 ἐκεί-

119 1190 211 1223 νοις
237 1181 326 1224 τοῖς
359 1182 525 1229 καιροῖς
552 1176 654 1217 οὐδὲ
681 1178 761 1230 τὴν
787 1177 948 1231 ῥώμην,
980 1178 1099 1230 ὑμεῖς
1127 1176 1163 1219 δ’
1196 1180 1317 1228 ὄντες
1334 1177 1460 1233 Ἀθη-

118 1252 235 1287 ναῖοι
266 1245 493 1300 βάρβαρον
524 1247 777 1302 ἄνθρωπον,
813 1248 884 1289 καὶ
922 1254 1056 1290 ταῦτα
1093 1257 1291 1304 γυναῖκα,
1323 1252 1460 1304 φοβή-

121 1320 272 1368 σεσθε;
309 1317 380 1358 καὶ
411 1318 497 1371 μὴν
530 1318 569 1359 οὶ
602 1318 681 1369 μὲν
719 1316 861 1372 ἔχοιεν
893 1318 946 1359 ἂν
982 1320 1119 1360 εἰπεῖν
1155 1320 1219 1361 ὅτι
1254 1321 1460 1371 πολλάκις

119 1387 322 1441 ἥττηνται
351 1387 473 1442 [ὑπὸ]
494 1389 867 1443 Λακεδαιμονίων,
892 1390 1012 1441 ὑμεῖς
1039 1390 1087 1431 δὲ
1111 1393 1362 1444 νενικήκατε
1382 1391 1461 1443 μὲν

120 1458 325 1507 πολλάκις
351 1458 543 1513 βασιλέα,
574 1459 763 1513 ἥττησθε
791 1458 826 1500 δ’
859 1457 952 1501 οὐδ’
985 1460 1093 1510 ἅπαξ
1122 1461 1221 1502 οὔτε
1246 1469 1334 1503 τῶν
1360 1462 1462 1503 δού-

124 1532 212 1571 λων
246 1536 334 1570 τῶν
367 1530 578 1583 βασιλέως
605 1527 694 1571 οὔτ’
727 1530 861 1571 αὐτοῦ
889 1529 1075 1572 ἐκείνου·
1114 1533 1149 1573 εἰ
1184 1532 1265 1586 γάρ
1301 1533 1344 1573 τί
1375 1547 1461 1574 που

122 1599 353 1654 κεκράτηκε
391 1606 464 1653 τῆς
502 1602 665 1649 πόλεως
697 1601 913 1655 βασιλεύς,
949 1600 974 1654 ἣ
1006 1603 1107 1651 τοὺς
1138 1603 1462 1656 πονηροτάτους

124 1668 456 1724 τῶνἙλλήνων
493 1671 563 1712 καὶ
601 1672 815 1724 προδότας
850 1671 995 1713 αὐτῶν
1026 1674 1213 1726 χρήμασι
1250 1675 1400 1723 πείσας
1436 1673 1462 1727 ἢ

124 1741 325 1793 οὐδαμῶς
351 1742 489 1790 ἄλλως
516 1742 758 1795 κεκράτηκε.
784 1743 854 1783 καὶ
882 1742 984 1783 οὐδὲ
1004 1741 1118 1784 τοῦτ’
1146 1743 1261 1800 αὐτῷ
1282 1745 1463 1798 συνενή-

124 1828 267 1867 νοχεν,
292 1810 382 1853 ἀλλ’
416 1810 482 1864 ἅμ’
516 1810 708 1866 εὑρήσετ’
741 1812 875 1854 αὐτὸν
900 1814 980 1866 τήν
1006 1829 1050 1854 τε
1076 1815 1206 1855 πόλιν
1232 1815 1304 1855 διὰ
1327 1818 1465 1856 Λακε-

71 1919 85 1926 -
126 1883 365 1935 δαιμονίων
396 1881 563 1936 ἀσθενῆ
595 1884 836 1935 ποιήσαντα
861 1884 932 1924 καὶ
958 1884 1055 1938 περὶ
1081 1890 1154 1937 τῆς
1181 1885 1316 1925 αὑτοῦ
1341 1887 1465 1938 βασι-

126 1955 240 2002 λείας
272 1953 620 1994 κινδυνεύσαντα
654 1954 761 2006 πρὸς
794 1953 1021 2008 Κλέαρχον
1058 1955 1129 1996 καὶ
1161 1957 1325 2008 Κῦρον.
1370 1953 1459 1996 οὔτ’

126 2021 208 2066 οὖν
241 2022 286 2065 ἐκ
313 2030 508 2078 φανεροῦ
535 2023 795 2077 κεκράτηκεν
826 2022 915 2066 οὔτ’
949 2023 1256 2078 ἐπιβουλεῦσαι
1283 2028 1466 2079 συνενή-

125 2110 255 2149 νοχεν
287 2094 413 2150 αὐτῷ.
455 2093 541 2147 ὁρῶ
569 2091 605 2134 δ’
638 2094 760 2146 ὑμῶν
787 2092 929 2144 ἐνίους
961 2097 1180 2137 Φιλίππου
1206 2096 1285 2148 μὲν
1312 2096 1368 2145 ὡς
1394 2094 1460 2150 ἄρ’

128 2165 308 2214 οὐδενὸς
347 2164 469 2214 ἀξίου
507 2164 712 2214 πολλάκις
751 2164 1084 2220 ὀλιγωροῦντας,
1121 2165 1300 2219 βασιλέα
1339 2165 1381 2207 δ’
1410 2167 1466 2215 ὡς

129 2237 310 2291 ἰσχυρὸν
343 2234 506 2290 ἐχθρὸν
539 2229 602 2284 οἷς
638 2235 691 2276 ἂν
723 2235 954 2290 προέληται
990 2237 1306 2290 φοβουμένους.
1350 2239 1386 2279 εἰ
1420 2238 1468 2280 δὲ

1258 2306 1325 2339 12*

1477 202 1519 232 22

1490 1757 1534 1787 24
