1689 2531
112 288 156 319 25

112 857 154 888 26

185 108 238 150 76
705 109 1006 142 ΗΓΗΣΙΠΠΟΤ
1455 109 1536 154 [VII

183 202 238 259 ἦν
270 212 360 254 τοῖς
393 203 621 258 προτέροις
653 206 917 258 ψηφίσμασι,
949 202 1049 245 καθ’
1083 204 1108 246 ἃ
1140 204 1261 257 ὑμεῖς
1295 203 1537 258 ἐκτήσασθε

183 276 347 329 ταύτην
384 276 465 329 τὴν
503 275 563 330 χώ
579 291 673 328 ραν.
718 281 847 316 τοῦτο
886 275 966 327 μὲν
999 272 1081 317 οὖν
1113 275 1370 330 παράνομον
1401 273 1457 329 ἣν
1487 277 1536 318 τὸ

181 349 398 401 ψήφισμα,
409 347 457 388 τὸ
472 352 550 388 τοῦ
571 346 880 400 Φιλοκράτους,
892 346 962 387 καὶ
977 346 1056 401 οὐχ
1072 340 1168 388 οἷόν
1182 344 1216 388 τ’
1236 344 1291 400 ἦν
1305 347 1383 388 τὸν
1397 347 1449 388 τὰ
1465 344 1536 388 ἕν-

181 434 294 470 νομα
320 417 550 472 γράφοντα
576 416 711 458 ταύτὰ
734 422 792 474 τῷ
813 418 1050 474 παρανόμῳ
1070 419 1317 471 ψηφίσματι
1336 418 1536 472 γράφειν.

183 488 365 538 ἐκείνοις
381 489 428 530 δὲ
442 495 532 538 τοῖς
552 488 780 542 προτέροις
794 490 1057 543 ψηφίσμασι,
1076 496 1165 538 τοῖς
1187 486 1315 530 οὖσιν
1336 487 1536 541 ἐννόμοις

180 560 252 600 καὶ
281 557 463 616 σῴζουσι
490 560 570 613 τὴν
596 559 811 613 ὑμετέραν
831 560 990 614 χώραν,
1015 559 1150 600 ταύτὰ
1170 559 1354 614 γράφων
1374 557 1538 612 ἔννομά

181 628 218 672 τ’
250 628 419 685 ἔγραψα
457 631 529 672 καὶ
569 629 801 685 ἐξήλεγχον
839 632 917 672 τὸν
961 631 1202 685 Φίλιππον,
1246 631 1311 672 ὅτι
1350 629 1537 685 ἐξηπάτα

182 702 291 754 ὑμᾶς
330 702 402 743 καὶ
441 701 522 744 οὐκ
559 700 962 755 ἐπανορθώσασθαι
996 700 1200 755 ἐβούλετο
1233 702 1314 756 τὴν
1346 703 1538 757 εἰρήνην,

182 772 291 814 ἀλλὰ
329 774 430 822 τοὺς
469 772 578 827 ὑπὲρ
617 772 742 825 ὑμῶν
781 772 986 826 λέγοντας
1019 772 1228 822 ἀπίστους
1262 779 1538 828 καταστῆσαι.

182 844 253 885 καὶ
287 845 352 886 ὅτι
384 844 464 897 μὲν
497 845 602 893 δοὺς
634 845 714 898 τὴν
747 842 1057 898 ἐπανόρθωσιν
1088 850 1174 885 νῦν
1199 842 1378 897 ἔξαρνός
1406 842 1538 899 ἐστιν,

184 915 369 964 ἅπαντες
403 916 505 957 ἴστε.
545 915 683 969 φησὶν
715 913 752 956 δ’
781 912 1042 969 Ἀμφίπολιν
1075 913 1232 957 ἑαυτοῦ
1264 910 1394 956 εἶναι·
1426 914 1537 968 ὑμᾶς

183 987 264 1040 γὰρ
280 988 565 1041 ψηφίσασθαι
581 985 750 1028 ἐκείνου
767 982 892 1040 εἶναι,
907 983 965 1028 ὅτ’
976 984 1257 1040 ἐψηφίσασθε
1270 984 1387 1041 ἔχειν
1402 986 1538 1028 αὐτὸν

184 1058 209 1099 ἑὲ
250 1053 376 1112 εἶχεν.
422 1057 543 1110 ὑμεῖς
583 1058 631 1099 δὲ
669 1058 717 1099 τὸ
754 1057 834 1109 μὲν
864 1059 1069 1111 ψήφισμα
1101 1055 1217 1099 τοῦτ’
1245 1055 1538 1112 ἐψηφίσασθε,

183 1128 235 1170 οὐ
268 1128 417 1181 μέντοι
450 1127 487 1183 γ’
516 1127 685 1170 ἐκείνου
720 1125 831 1170 εἶναι
854 1126 1126 1182 Ἀμφίπολιν.
1165 1126 1286 1170 ἔστιν
1310 1129 1393 1182 γὰρ
1421 1126 1538 1183 ἔχειν

1558 279 1607 315 83

1558 862 1592 887 10

182 1200 254 1241 καὶ
285 1201 338 1241 τὰ
364 1199 590 1255 ἀλλότρια,
622 1200 693 1241 καὶ
727 1200 805 1254 οὐχ
833 1200 1018 1249 ἅπαντες
1046 1201 1086 1242 οἱ
1113 1198 1284 1254 ἔχοντες
1311 1201 1362 1242 τὰ
1389 1199 1534 1242 αὑτῶν
1555 1216 1588 1241 15

184 1269 375 1326 ἔχουσιν,
419 1271 528 1313 ἀλλὰ
572 1272 727 1313 πολλοὶ
771 1272 842 1312 καὶ
887 1270 1094 1325 ἀλλότρια
1138 1271 1383 1326 κέκτηνται·
1427 1271 1538 1313 ὥστε

183 1343 313 1384 τοῦτό
346 1358 395 1397 γε
427 1343 475 1384 τὸ
510 1343 653 1397 σοφὸν
686 1342 822 1384 αὐτοῦ
855 1342 1035 1396 ’ἠλίθιόν
1069 1340 1198 1384 ἐστιν.
1243 1343 1315 1384 καὶ
1347 1348 1425 1384 τοῦ
1458 1342 1538 1395 μὲν

189 1414 487 1468 Φιλοκράτους
525 1415 804 1468 ψηφίσματος
843 1413 1072 1467 μέμνηται,
1109 1419 1183 1466 τῆς
1223 1410 1260 1454 δ’
1298 1411 1539 1468 ἐπιστολῆς,

184 1486 239 1539 ἣν
272 1486 379 1539 πρὸς
413 1485 524 1538 ὑμᾶς
557 1483 748 1538 ἔπεμψεν
781 1482 840 1526 ὅτ’
869 1481 1130 1539 Ἀμφίπολιν
1158 1483 1415 1539 ἐπολιόρκει,
1448 1483 1538 1526 ἐπι-

186 1556 400 1611 λέλησται,
427 1555 474 1597 ἐν
500 1550 527 1614 ᾗ
555 1557 768 1610 ὡμολόγει
794 1556 875 1610 την
894 1553 1152 1609 Ἀμφίπολιν
1171 1554 1387 1608 ὑμετέραν
1407 1550 1538 1597 εἶναι·

183 1625 267 1682 ἔφη
294 1628 376 1682 γὰρ
405 1626 745 1682 ἐκπολιορκήσας
771 1627 876 1679 ὑμῖν
903 1626 1162 1681 ἀποδώσειν,
1188 1627 1244 1676 ὡς
1271 1623 1410 1668 οὖσαν
1436 1626 1539 1679 ὑμε-

185 1699 316 1752 τέραν
343 1699 414 1740 καὶ
435 1699 487 1741 οὐ
508 1706 596 1740 τῶν
620 1697 822 1754 ἐχόντων.
849 1698 920 1740 καὶ
942 1697 1101 1740 ἐκεῖνοι
1122 1697 1214 1752 μέν,
1241 1698 1297 1747 ὡς
1317 1695 1472 1752 ἔοικεν,
1498 1699 1538 1740 οἱ

184 1772 403 1824 πρότερον
425 1769 472 1811 ἐν
483 1767 738 1824 Ἀμφιπόλει
759 1771 982 1818 οἰκοῦντες
1003 1770 1107 1823 πρὶν
1133 1770 1355 1810 Φίλιππον
1376 1771 1540 1823 λαβεῖν,

184 1842 265 1896 τὴν
287 1839 531 1895 Ἀθηναίων
564 1841 711 1895 χώραν
741 1836 872 1895 εἶχον,
905 1838 1052 1894 ἐπειὸὴ
1081 1840 1128 1881 δὲ
1160 1841 1375 1889 Φίλιππος
1401 1839 1540 1894 αὐτὴν

186 1913 380 1966 εἴληφεν,
406 1912 458 1953 οὐ
485 1913 566 1966 τὴν
582 1909 829 1965 Ἀθηναίων
854 1911 1001 1966 χώραν
1027 1910 1136 1952 ἀλλὰ
1155 1911 1236 1964 τὴν
1257 1909 1413 1952 ἑαυτοῦ
1435 1908 1539 1965 ἔχει·

187 1981 280 2025 οὐδ’
323 1981 551 2026 ’Ὄλυνθόν
595 1999 643 2037 γε
683 1980 776 2025 οὑὸ’
815 1980 1107 2024 Ἀπολλωνίαν
1145 1981 1250 2024 οὐδὲ
1287 1983 1541 2037 Παλλήνην,

187 2055 267 2097 οὐκ
294 2054 523 2107 ἀλλοτρίας
548 2054 657 2095 αλλὰ
676 2055 750 2103 τὰς
772 2052 929 2095 ἑαυτοῦ
951 2053 1090 2108 χώρας
1111 2052 1321 2107 κέκτηται.
1348 2049 1415 2107 ἆρ’
1434 2052 1541 2106 ὑμῖν

189 2127 308 2168 δοκεῖ
328 2125 673 2180 πεφυλαγμένως
695 2125 864 2166 ἅπαντα
878 2125 985 2179 πρὸς
999 2124 1109 2176 ὑμᾶς
1125 2123 1406 2178 ἐπιστέλλειν,
1426 2124 1540 2173 ὅπως

190 2197 243 2239 ἂν
271 2198 480 2252 φαίνηται
506 2197 577 2238 καὶ
606 2196 745 2250 λέγων
772 2196 843 2237 καὶ
869 2195 1072 2249 πράττων
1089 2194 1092 2252 1
1111 2195 1136 2237 ἑὲ
1163 2196 1279 2249 παρὰ
1305 2200 1439 2236 πᾶσιν
1465 2193 1540 2236 ἆν-

188 2270 384 2324 θρώποις
412 2268 686 2322 ὁμολογεῖται
710 2268 856 2309 δίκαια
877 2263 1002 2321 εἶναι,
1027 2266 1120 2308 ἀλλ’
1146 2266 1198 2308 οὐ
1221 2267 1394 2321 σφόδρα
1414 2281 1540 2308 κατα-

1558 1572 1593 1598 20

1559 1927 1592 1953 25

1560 2197 1610 2233 84

1560 2283 1594 2308 30
