1689 2531
95 101 136 144 X]
543 99 669 131 ΚΑΤΑ
694 98 947 131 ΦΙΛΙΠΠΟΤ
972 100 1002 131 Δ
1358 96 1439 138 127

93 195 145 237 τὰ
165 192 293 237 δίκαι’
320 193 389 236 ἐπὶ
408 199 467 252 τῷ
483 193 752 248 συμφέροντι
772 199 846 247 τῆς
866 194 1030 243 πόλεως
1052 194 1191 235 εἰπεῖν
1210 194 1317 245 πρὸς
1338 195 1441 243 τοὺς

7 255 69 301 41
93 267 320 320 εὐπόρους,
353 266 424 307 καὶ
458 265 566 319 ὑπὲρ
602 272 690 306 τῶν
724 264 997 319 κεκτημένων
1034 265 1108 314 τὰς
1135 264 1284 314 οὐσίας
1307 265 1314 320 Ι
1334 265 1442 318 πρὸς

7 334 9 339 ’
93 339 194 387 τοὺς
216 336 409 386 ἐπιδεεῖς.
449 337 484 378 εἰ
506 335 736 388 ἀνέλοιμεν
759 335 805 377 ἐκ
824 335 958 388 μέσου
979 351 1051 376 και
1070 335 1145 385 τὰς
1164 337 1443 390 βλασφημίας

93 408 141 457 ἃς
169 407 237 449 ἐπὶ
256 413 316 465 τῷ
336 411 537 464 θεωρικῷ
556 408 790 448 ποιοῦνταί
806 422 921 456 τινες
942 406 1039 461 οὐχὶ
1061 407 1248 460 δικαίως,
1274 407 1344 448 καὶ
1364 407 1443 448 τὸν

56 492 71 518 5
93 479 249 533 φόβον,
275 478 331 529 ὡς
358 478 410 520 οὐ
439 481 638 532 στήσεται
664 475 779 520 τοῦτ’
813 478 918 519 ἄνευ
945 477 1135 531 μεγάλου
1156 478 1274 527 τινὸς
1294 483 1443 526 κακοῦ,

92 549 225 591 οὐδὲν
258 548 311 590 ἂν
344 551 404 599 εἰς
430 550 481 590 τὰ
507 549 737 603 πράγματα
762 551 912 600 μεῖζον,
934 549 1310 602 εἰσενεγκαίμεθα,
1343 546 1435 590 οὐδ’

93 621 114 662 ὅ
141 636 182 662 τι
201 626 326 676 κοινῇ
345 623 512 673 μᾶλλον
533 619 587 661 ἂν
607 620 715 673 ὅλην
736 618 987 674 ἐπιρρώσειε
1007 619 1087 673 τὴν
1107 620 1247 661 πόλιν.
1281 619 1441 661 οὑτωσὶ

92 691 140 733 δὲ
167 697 381 733 σκοπεῖτε·
414 689 497 745 ἐρῶ
525 688 562 732 δ’
594 690 703 744 ὑπὲρ
731 698 818 732 τῶν
846 689 893 732 ἐν
913 692 1035 747 χρεία
1055 690 1308 732 δοκούντων
1329 686 1441 732 εἶναι

91 763 317 817 πρότερον.
361 759 417 815 ἦν
442 759 535 803 ποτ’
569 761 621 802 οὐ
648 761 779 802 πάλαι
807 759 905 816 παρ’
938 761 1056 816 ὑμῖν,
1088 758 1147 803 ὅτ’
1181 760 1233 802 οὐ
1259 759 1441 819 προσῄει

38 854 71 880 10
91 839 143 888 τῇ
169 833 292 874 πόλει
317 830 500 874 τάλανθ’
526 832 635 887 ὑπὲρ
656 832 889 887 τριάκοντα
909 832 980 873 καὶ
1001 831 1172 873 ἑκατόν·
1203 833 1274 874 καὶ
1296 832 1440 881 οὐδείς

93 901 183 944 ἐστι
217 910 305 944 τῶν
340 909 619 958 τριηραρχεῖν
656 903 914 955 δυναμένων
949 903 1053 944 οὐδὲ
1093 910 1180 944 τῶν
1219 904 1440 957 εἰσφέρειν

92 974 209 1024 ὅστις
245 974 324 1016 οὐκ
358 974 482 1028 ἠξίου
517 974 570 1015 τὰ
604 972 838 1027 καθήκοντ’
881 972 947 1028 ἐφ’
989 972 1146 1015 ἑαυτὸν
1181 981 1335 1028 ποιεῖν,
1374 975 1439 1016 ὅτι

90 1042 268 1099 χρήματ’
300 1044 352 1086 οὐ
373 1051 541 1099 περιῆν,
561 1043 669 1085 ἀλλὰ
689 1045 759 1085 καὶ
780 1047 968 1098 τριήρεις
988 1043 1144 1086 ἔπλεον
1165 1045 1235 1086 καὶ
1255 1042 1432 1099 χρήματ’

92 1113 286 1169 ἐγίγνετο
319 1115 390 1156 καὶ
421 1113 545 1156 πάντ’
579 1114 813 1167 ἐποιοῦμεν
839 1116 891 1156 τὰ
918 1115 1084 1157 δέοντα.
1123 1117 1227 1167 μετὰ
1253 1114 1381 1157 ταῦθ’
1414 1117 1438 1170 ἡ

4 1234 5 1245 ¹
38 1210 70 1234 15
90 1185 210 1240 τύχη,
235 1189 374 1235 καλῶς
401 1192 601 1240 ποιοῦσα,
632 1187 771 1227 πολλὰ
797 1187 1004 1239 πεποίηκε
1029 1187 1081 1227 τὰ
1107 1187 1250 1240 κοινά,
1276 1187 1347 1228 καὶ
1372 1203 1438 1229 τε-

89 1254 280 1307 τρακόσι’
300 1256 397 1298 ἀντὶ
418 1264 505 1298 τῶν
526 1255 680 1298 ἑκατὸν
699 1257 924 1298 ταλάντων
941 1256 1237 1311 προσέρχεται,
1258 1258 1438 1307 οὐδενὸς

90 1326 222 1368 οὐδὲν
255 1327 543 1381 ζημιουμένου
576 1335 664 1368 τῶν
696 1328 770 1376 τὰς
804 1327 954 1376 οὐσίας
987 1326 1190 1382 ἐχόντων,
1228 1328 1336 1369 ἀλλὰ
1367 1329 1438 1370 καὶ

88 1398 520 1451 προσλαμβάνοντος·
556 1399 597 1439 οἱ
623 1399 705 1452 γὰρ
734 1399 912 1451 εὔποροι
933 1398 1089 1447 πάντες
1109 1396 1310 1453 ἔρχονται
1331 1404 1437 1451 μεθ-

90 1466 257 1518 έξοντες
295 1469 467 1523 τούτου,
505 1469 575 1510 καὶ
616 1473 755 1518 καλῶς
791 1475 979 1510 ποιοῦσι.
1027 1470 1070 1510 τί
1103 1469 1184 1511 οὐν
1219 1471 1437 1519 παθόντες

35 1562 69 1588 20
88 1536 204 1580 τοῦτ’
243 1539 511 1592 ὀνειδίζομεν
544 1539 745 1593 ἀλλήλοις
778 1540 849 1581 καὶ
884 1540 1100 1594 προφάσει
1127 1541 1332 1594 χρώμεθα
1358 1547 1436 1582 τοῦ

90 1610 225 1663 μηδὲν
251 1617 405 1664 ποιεῖν,
431 1612 545 1665 πλὴν
572 1612 608 1652 εἰ
635 1617 685 1666 τῇ
712 1611 827 1664 παρὰ
852 1617 926 1664 τῆς
952 1611 1081 1665 τύχης
1107 1613 1294 1668 βοηθείᾳ
1314 1627 1435 1665 γεγο-

89 1682 192 1738 νυίᾳ
217 1688 306 1730 τοῖς
333 1680 512 1735 ἀπόροις
540 1685 819 1735 φθονοῦμεν;
853 1681 928 1730 οὓς
955 1680 1045 1723 οὔτ’
1079 1681 1132 1723 ἂν
1159 1683 1436 1735 αἰτιασαίμην

90 1750 215 1806 ἔγωγ’
253 1749 343 1793 οὔτ’
381 1751 497 1802 ἀξιῶ.
550 1752 651 1793 οὐδὲ
685 1753 766 1805 γὰρ
795 1750 842 1793 ἐν
874 1759 965 1801 ταῖς
999 1753 1128 1801 ἰδίαις
1162 1754 1316 1801 οἰκίαις
1349 1753 1435 1805 ὁρῶ

89 1823 166 1864 τὸν
193 1820 240 1863 ἐν
266 1823 410 1879 ἡλικία
435 1824 542 1877 πρὸς
563 1825 663 1871 τοὺς
684 1823 1005 1876 πρεσβυτέρους
1026 1822 1138 1864 οὕτω
1161 1824 1435 1874 διακείμενον

36 1915 69 1941 25
90 1890 183 1934 οὐδ’
216 1892 353 1942 οὕτως
386 1891 603 1946 ἀγνώμον’
642 1891 735 1934 οὐδ’
774 1894 938 1935 ἄτοπον
969 1901 1056 1935 τῶν
1089 1895 1230 1935 ὄντων
1263 1893 1435 1947 οὐδένα,

90 1963 212 2017 ὥστε,
232 1965 268 2005 εἰ
288 1965 344 2017 μὴ
366 1965 626 2017 ποιήσουσιν
648 1964 831 2013 ἅπαντες
853 1965 958 2006 ὅσον
978 1965 1119 2019 αὐτός,
1139 1965 1191 2006 οὐ
1210 1965 1434 2017 φάσκοντα

89 2036 289 2087 ποιήσειν
323 2034 456 2076 οὐδὲν
488 2032 582 2076 οὐδ’
614 2034 766 2076 αὐτόν·
799 2035 868 2076 καὶ
894 2036 976 2088 γὰρ
1004 2034 1058 2076 ἂν
1083 2042 1172 2084 τοῖς
1199 2041 1272 2088 τῆς
1298 2035 1433 2075 κακώ-

0 2112 67 2182 μὲ
90 2115 195 2154 σεως
237 2105 301 2159 εἴη
336 2106 486 2158 νόμοις
527 2105 639 2147 οὕτω
677 2103 713 2158 γ’
748 2103 915 2160 ἔνοχος·
949 2107 1015 2147 δεῖ
1046 2107 1127 2159 γὰρ
1191 2102 1309 2158 οἶμαι
1344 2113 1433 2154 τοῖς

0 2190 1 2241 χ
88 2181 267 2229 γονεῦσι
295 2177 372 2218 τὸν
400 2175 644 2230 ὡρισμένον
671 2174 712 2226 ἐξ
741 2175 1000 2230 ἀμφοτέρων
1026 2174 1196 2231 ἔρανον,
1221 2176 1291 2216 καὶ
1318 2177 1433 2228 παρὰ

0 2244 1 2284 ἶ
34 2262 68 2288 30
88 2252 161 2300 τῆς
197 2246 369 2300 φύσεως
408 2247 479 2288 καὶ
513 2248 629 2300 παρὰ
664 2252 741 2287 τοῦ
776 2248 928 2300 νόμου,
964 2248 1138 2296 δικαίως
1175 2246 1327 2301 φέρειν
1362 2247 1433 2288 καὶ

1468 630 1510 660 37

1467 1125 1510 1157 38

1465 1481 1508 1511 39

1464 1764 1508 1794 40
