<?xml version="1.0" encoding="UTF-8"?>
<!DOCTYPE html PUBLIC "-//W3C//DTD XHTML 1.0 Transitional//EN"
    "http://www.w3.org/TR/xhtml1/DTD/xhtml1-transitional.dtd">
<html xmlns="http://www.w3.org/1999/xhtml" xml:lang="en" lang="en">
 <head>
  <title>
</title>
<meta http-equiv="Content-Type" content="text/html;charset=utf-8" />
  <meta name='ocr-system' content='tesseract 3.04.00' />
  <meta name='ocr-capabilities' content='ocr_page ocr_carea ocr_par ocr_line ocrx_word'/>
</head>
<body>
  <div class='ocr_page' id='page_1' title='image "./demosthenisorati0101demouoft_0136.png"; bbox 0 0 1689 2531; ppageno 0'>
   <div class='ocr_carea' id='block_1_1' title="bbox 108 311 152 342">
    <p class='ocr_par' dir='ltr' id='par_1_1' title="bbox 108 311 152 342">
     <span class='ocr_line' id='line_1_1' title="bbox 108 311 152 342; baseline -0.023 0"><span class='ocrx_word' id='word_1_1' title='bbox 108 311 152 342; x_wconf 86' lang='lat'><em>50</em></span> 
     </span>
    </p>
   </div>
   <div class='ocr_carea' id='block_1_2' title="bbox 112 1595 154 1626">
    <p class='ocr_par' dir='ltr' id='par_1_2' title="bbox 112 1595 154 1626">
     <span class='ocr_line' id='line_1_2' title="bbox 112 1595 154 1626; baseline -0.024 0"><span class='ocrx_word' id='word_1_2' title='bbox 112 1595 154 1626; x_wconf 83' lang='lat'><em>52</em></span> 
     </span>
    </p>
   </div>
   <div class='ocr_carea' id='block_1_3' title="bbox 182 62 1530 111">
    <p class='ocr_par' dir='ltr' id='par_1_3' title="bbox 182 62 1530 111">
     <span class='ocr_line' id='line_1_3' title="bbox 182 62 1530 111; baseline -0.002 -13"><span class='ocrx_word' id='word_1_3' title='bbox 182 62 266 104; x_wconf 88' lang='lat'><em>130</em></span> <span class='ocrx_word' id='word_1_4' title='bbox 665 64 1039 98; x_wconf 73' lang='grc' dir='ltr'><em>ΔΗΜοΣΘΕΝοΤΣ</em></span> <span class='ocrx_word' id='word_1_5' title='bbox 1486 68 1530 111; x_wconf 84' lang='lat' dir='ltr'><em>[x</em></span> 
     </span>
    </p>
   </div>
   <div class='ocr_carea' id='block_1_4' title="bbox 179 159 1630 2064">
    <p class='ocr_par' dir='ltr' id='par_1_4' title="bbox 179 159 1531 428">
     <span class='ocr_line' id='line_1_4' title="bbox 179 159 1530 217; baseline 0.003 -17"><span class='ocrx_word' id='word_1_6' title='bbox 179 163 261 208; x_wconf 90' lang='grc' dir='ltr'><em>θος</em></span> <span class='ocrx_word' id='word_1_7' title='bbox 294 159 479 213; x_wconf 87' lang='grc' dir='ltr'><em>ὁρῶντες</em></span> <span class='ocrx_word' id='word_1_8' title='bbox 514 159 584 201; x_wconf 80' lang='grc' dir='ltr'><em>καὶ</em></span> <span class='ocrx_word' id='word_1_9' title='bbox 615 161 695 214; x_wconf 77' lang='grc' dir='ltr'><em>τὴν</em></span> <span class='ocrx_word' id='word_1_10' title='bbox 728 160 956 214; x_wconf 78' lang='grc' dir='ltr'><em>εὐετηρίαν</em></span> <span class='ocrx_word' id='word_1_11' title='bbox 990 161 1070 215; x_wconf 84' lang='grc' dir='ltr'><em>τὴν</em></span> <span class='ocrx_word' id='word_1_12' title='bbox 1102 162 1209 202; x_wconf 85' lang='grc' dir='ltr'><em>κατὰ</em></span> <span class='ocrx_word' id='word_1_13' title='bbox 1240 162 1320 216; x_wconf 81' lang='grc' dir='ltr'><em>τὴν</em></span> <span class='ocrx_word' id='word_1_14' title='bbox 1351 161 1530 217; x_wconf 79' lang='grc' dir='ltr'><em>ἀγοράν,</em></span> 
     </span>
     <span class='ocr_line' id='line_1_5' title="bbox 179 228 1530 288; baseline 0.003 -17"><span class='ocrx_word' id='word_1_15' title='bbox 179 230 349 279; x_wconf 80' lang='grc' dir='ltr'><strong><em>τούτοις</em></strong></span> <span class='ocrx_word' id='word_1_16' title='bbox 376 228 609 285; x_wconf 75' lang='grc' dir='ltr'><em>κεκήλησθ’</em></span> <span class='ocrx_word' id='word_1_17' title='bbox 641 231 697 280; x_wconf 82' lang='grc' dir='ltr'><em>ὡς</em></span> <span class='ocrx_word' id='word_1_18' title='bbox 719 229 766 272; x_wconf 82' lang='grc' dir='ltr'><em>ἐν</em></span> <span class='ocrx_word' id='word_1_19' title='bbox 786 231 937 273; x_wconf 84' lang='grc' dir='ltr'><em>οὐδενὶ</em></span> <span class='ocrx_word' id='word_1_20' title='bbox 963 232 1092 288; x_wconf 79' lang='grc' dir='ltr'><em>δεινῷ</em></span> <span class='ocrx_word' id='word_1_21' title='bbox 1106 238 1181 286; x_wconf 82' lang='grc' dir='ltr'><em>τῆς</em></span> <span class='ocrx_word' id='word_1_22' title='bbox 1200 233 1364 282; x_wconf 89' lang='grc' dir='ltr'><em>πόλεως</em></span> <span class='ocrx_word' id='word_1_23' title='bbox 1385 233 1530 288; x_wconf 81' lang='grc' dir='ltr'><em>οὔσης,</em></span> 
     </span>
     <span class='ocr_line' id='line_1_6' title="bbox 181 299 1531 358; baseline 0.002 -16"><span class='ocrx_word' id='word_1_24' title='bbox 181 301 280 342; x_wconf 80' lang='grc' dir='ltr'><em>οὔτε</em></span> <span class='ocrx_word' id='word_1_25' title='bbox 306 303 612 355; x_wconf 75' lang='grc' dir='ltr'><em>προσηκόντως</em></span> <span class='ocrx_word' id='word_1_26' title='bbox 640 299 728 343; x_wconf 81' lang='grc' dir='ltr'><em>οὔτ’</em></span> <span class='ocrx_word' id='word_1_27' title='bbox 763 302 908 356; x_wconf 80' lang='grc' dir='ltr'><em>ὀρθῶς</em></span> <span class='ocrx_word' id='word_1_28' title='bbox 933 303 982 343; x_wconf 92' lang='grc' dir='ltr'><em>τὸ</em></span> <span class='ocrx_word' id='word_1_29' title='bbox 1009 308 1184 356; x_wconf 72' lang='grc' dir='ltr'><em>πρᾶγμα</em></span> <span class='ocrx_word' id='word_1_30' title='bbox 1210 305 1396 357; x_wconf 77' lang='grc' dir='ltr'><em>κρίνετε·</em></span> <span class='ocrx_word' id='word_1_31' title='bbox 1429 303 1531 358; x_wconf 80' lang='grc' dir='ltr'><em>ἀγο-</em></span> 
     </span>
     <span class='ocr_line' id='line_1_7' title="bbox 181 371 1531 428; baseline 0.002 -15"><span class='ocrx_word' id='word_1_32' title='bbox 181 373 263 425; x_wconf 83' lang='grc' dir='ltr'><em>ρὰν</em></span> <span class='ocrx_word' id='word_1_33' title='bbox 289 372 369 424; x_wconf 80' lang='grc' dir='ltr'><em>μὲν</em></span> <span class='ocrx_word' id='word_1_34' title='bbox 395 373 476 426; x_wconf 74' lang='grc' dir='ltr'><em>γὰρ</em></span> <span class='ocrx_word' id='word_1_35' title='bbox 504 374 559 414; x_wconf 78' lang='grc' dir='ltr'><em>ἄν</em></span> <span class='ocrx_word' id='word_1_36' title='bbox 584 389 647 422; x_wconf 88' lang='grc' dir='ltr'><em>τις</em></span> <span class='ocrx_word' id='word_1_37' title='bbox 674 373 744 414; x_wconf 85' lang='grc' dir='ltr'><em>καὶ</em></span> <span class='ocrx_word' id='word_1_38' title='bbox 771 374 1020 427; x_wconf 82' lang='grc' dir='ltr'><em>πανήγυριν</em></span> <span class='ocrx_word' id='word_1_39' title='bbox 1046 371 1092 414; x_wconf 78' lang='grc' dir='ltr'><em>ἐκ</em></span> <span class='ocrx_word' id='word_1_40' title='bbox 1117 374 1287 415; x_wconf 90' lang='grc' dir='ltr'><em>τούτων</em></span> <span class='ocrx_word' id='word_1_41' title='bbox 1305 373 1331 427; x_wconf 78' lang='grc' dir='ltr'>ἢ</span> <span class='ocrx_word' id='word_1_42' title='bbox 1353 375 1531 428; x_wconf 80' lang='grc' dir='ltr'><em>φαύλως</em></span> 
     </span>
    </p>

    <p class='ocr_par' dir='ltr' id='par_1_5' title="bbox 180 443 1568 712">
     <span class='ocr_line' id='line_1_8' title="bbox 181 443 1568 500; baseline 0.003 -16"><span class='ocrx_word' id='word_1_43' title='bbox 181 443 204 496; x_wconf 81' lang='grc' dir='ltr'><em>ἣ</em></span> <span class='ocrx_word' id='word_1_44' title='bbox 231 447 371 492; x_wconf 89' lang='grc' dir='ltr'><em>καλῶς</em></span> <span class='ocrx_word' id='word_1_45' title='bbox 403 444 760 497; x_wconf 79' lang='grc' dir='ltr'><em>παρεσκευάσθαι</em></span> <span class='ocrx_word' id='word_1_46' title='bbox 785 445 946 498; x_wconf 81' lang='grc' dir='ltr'><em>κρίνοι·</em></span> <span class='ocrx_word' id='word_1_47' title='bbox 973 445 1103 486; x_wconf 90' lang='grc' dir='ltr'><em>πόλιν</em></span> <span class='ocrx_word' id='word_1_48' title='bbox 1124 445 1170 485; x_wconf 84' lang='grc' dir='ltr'><em>δ’</em></span> <span class='ocrx_word' id='word_1_49' title='bbox 1197 445 1252 499; x_wconf 74' lang='grc' dir='ltr'><em>ἣν</em></span> <span class='ocrx_word' id='word_1_50' title='bbox 1277 445 1534 500; x_wconf 77' lang='grc' dir='ltr'><em>ὑπείληφεν,</em></span> <span class='ocrx_word' id='word_1_51' title='bbox 1553 464 1568 489; x_wconf 80' lang='lat'><strong>5</strong></span> 
     </span>
     <span class='ocr_line' id='line_1_9' title="bbox 181 512 1534 570; baseline 0.002 -15"><span class='ocrx_word' id='word_1_52' title='bbox 181 514 227 563; x_wconf 86' lang='grc' dir='ltr'><em>ὃς</em></span> <span class='ocrx_word' id='word_1_53' title='bbox 266 513 321 555; x_wconf 77' lang='grc' dir='ltr'><em>ἂν</em></span> <span class='ocrx_word' id='word_1_54' title='bbox 358 512 689 568; x_wconf 83' lang='grc' dir='ltr'><em>τῶνἙλλήνων</em></span> <span class='ocrx_word' id='word_1_55' title='bbox 725 516 875 569; x_wconf 76' lang='grc' dir='ltr'><em>ἄρχειν</em></span> <span class='ocrx_word' id='word_1_56' title='bbox 911 516 995 557; x_wconf 83' lang='grc' dir='ltr'><em>αἰεὶ</em></span> <span class='ocrx_word' id='word_1_57' title='bbox 1033 516 1262 570; x_wconf 86' lang='grc' dir='ltr'><em>βούληται,</em></span> <span class='ocrx_word' id='word_1_58' title='bbox 1299 517 1440 570; x_wconf 88' lang='grc' dir='ltr'><em>μόνην</em></span> <span class='ocrx_word' id='word_1_59' title='bbox 1480 515 1534 558; x_wconf 79' lang='grc' dir='ltr'><em>ἂν</em></span> 
     </span>
     <span class='ocr_line' id='line_1_10' title="bbox 181 583 1533 641; baseline 0.001 -15"><span class='ocrx_word' id='word_1_60' title='bbox 181 583 505 639; x_wconf 76' lang='grc' dir='ltr'><em>ἐναντιωθῆναι</em></span> <span class='ocrx_word' id='word_1_61' title='bbox 531 586 602 627; x_wconf 78' lang='grc' dir='ltr'><em>καὶ</em></span> <span class='ocrx_word' id='word_1_62' title='bbox 627 592 702 639; x_wconf 74' lang='grc' dir='ltr'><em>τῆς</em></span> <span class='ocrx_word' id='word_1_63' title='bbox 728 587 906 627; x_wconf 89' lang='grc' dir='ltr'><em>πάντων</em></span> <span class='ocrx_word' id='word_1_64' title='bbox 928 585 1180 641; x_wconf 74' lang='grc' dir='ltr'><em>ἐλευθερίας</em></span> <span class='ocrx_word' id='word_1_65' title='bbox 1200 593 1455 641; x_wconf 78' lang='grc' dir='ltr'><em>προστῆναι,</em></span> <span class='ocrx_word' id='word_1_66' title='bbox 1481 587 1533 629; x_wconf 91' lang='grc' dir='ltr'><em>οὐ</em></span> 
     </span>
     <span class='ocr_line' id='line_1_11' title="bbox 180 654 1515 712; baseline 0.002 -15"><span class='ocrx_word' id='word_1_67' title='bbox 180 658 238 709; x_wconf 82' lang='grc' dir='ltr'><em>μὰ</em></span> <span class='ocrx_word' id='word_1_68' title='bbox 263 654 342 698; x_wconf 86' lang='grc' dir='ltr'><em>Δί’</em></span> <span class='ocrx_word' id='word_1_69' title='bbox 369 655 413 698; x_wconf 78' lang='grc' dir='ltr'><em>ἐκ</em></span> <span class='ocrx_word' id='word_1_70' title='bbox 435 664 523 697; x_wconf 86' lang='grc' dir='ltr'><em>τῶν</em></span> <span class='ocrx_word' id='word_1_71' title='bbox 544 657 701 711; x_wconf 85' lang='grc' dir='ltr'><em>ὠνίων,</em></span> <span class='ocrx_word' id='word_1_72' title='bbox 728 658 763 698; x_wconf 88' lang='grc' dir='ltr'><em>εἰ</em></span> <span class='ocrx_word' id='word_1_73' title='bbox 784 661 923 707; x_wconf 88' lang='grc' dir='ltr'><em>καλῶς</em></span> <span class='ocrx_word' id='word_1_74' title='bbox 944 655 1044 712; x_wconf 77' lang='grc' dir='ltr'><em>ἔχει,</em></span> <span class='ocrx_word' id='word_1_75' title='bbox 1065 658 1310 710; x_wconf 83' lang='grc' dir='ltr'><em>δοκιμάζειν</em></span> <span class='ocrx_word' id='word_1_76' title='bbox 1332 659 1410 712; x_wconf 90' lang='grc' dir='ltr'><em>δεῖ,</em></span> <span class='ocrx_word' id='word_1_77' title='bbox 1434 657 1515 700; x_wconf 81' lang='grc' dir='ltr'><em>ἀλλ</em></span> 
     </span>
    </p>

    <p class='ocr_par' dir='ltr' id='par_1_6' title="bbox 180 727 1630 1637">
     <span class='ocr_line' id='line_1_12' title="bbox 181 727 1517 785; baseline 0.001 -16"><span class='ocrx_word' id='word_1_78' title='bbox 181 729 217 769; x_wconf 83' lang='grc' dir='ltr'><em>εἰ</em></span> <span class='ocrx_word' id='word_1_79' title='bbox 239 728 476 782; x_wconf 81' lang='grc' dir='ltr'><em>συμμάχων</em></span> <span class='ocrx_word' id='word_1_80' title='bbox 497 727 648 785; x_wconf 75' lang='grc' dir='ltr'><em>εὐνοία</em></span> <span class='ocrx_word' id='word_1_81' title='bbox 668 729 874 783; x_wconf 85' lang='grc' dir='ltr'><em>πιστεύει,</em></span> <span class='ocrx_word' id='word_1_82' title='bbox 895 730 931 770; x_wconf 82' lang='grc' dir='ltr'><em>εἰ</em></span> <span class='ocrx_word' id='word_1_83' title='bbox 952 735 1041 778; x_wconf 90' lang='grc' dir='ltr'><em>τοῖς</em></span> <span class='ocrx_word' id='word_1_84' title='bbox 1063 729 1212 778; x_wconf 86' lang='grc' dir='ltr'><em>ὅπλοις</em></span> <span class='ocrx_word' id='word_1_85' title='bbox 1228 729 1380 784; x_wconf 85' lang='grc' dir='ltr'><em>ἰσχύει,</em></span> <span class='ocrx_word' id='word_1_86' title='bbox 1399 733 1517 770; x_wconf 85' lang='grc' dir='ltr'><em>ταῦθ</em></span> 
     </span>
     <span class='ocr_line' id='line_1_13' title="bbox 180 799 1589 854; baseline 0.002 -14"><span class='ocrx_word' id='word_1_87' title='bbox 180 799 289 852; x_wconf 80' lang='grc' dir='ltr'><em>ὑπὲρ</em></span> <span class='ocrx_word' id='word_1_88' title='bbox 316 805 390 852; x_wconf 78' lang='grc' dir='ltr'><em>τῆς</em></span> <span class='ocrx_word' id='word_1_89' title='bbox 416 800 581 848; x_wconf 81' lang='grc' dir='ltr'><em>πόλεως</em></span> <span class='ocrx_word' id='word_1_90' title='bbox 609 800 675 841; x_wconf 90' lang='grc' dir='ltr'><em>δεῖ</em></span> <span class='ocrx_word' id='word_1_91' title='bbox 702 807 899 841; x_wconf 89' lang='grc' dir='ltr'><em>σκοπεῖν·</em></span> <span class='ocrx_word' id='word_1_92' title='bbox 926 800 951 841; x_wconf 77' lang='grc' dir='ltr'><em>ἃ</em></span> <span class='ocrx_word' id='word_1_93' title='bbox 979 803 1205 854; x_wconf 69' lang='grc' dir='ltr'><em>σφαλερῶς</em></span> <span class='ocrx_word' id='word_1_94' title='bbox 1232 800 1337 853; x_wconf 85' lang='grc' dir='ltr'><em>ὑμῖν</em></span> <span class='ocrx_word' id='word_1_95' title='bbox 1363 800 1434 842; x_wconf 76' lang='grc' dir='ltr'><em>καὶ</em></span> <span class='ocrx_word' id='word_1_96' title='bbox 1460 800 1535 842; x_wconf 87' lang='grc' dir='ltr'><em>οὐ-</em></span> <span class='ocrx_word' id='word_1_97' title='bbox 1555 821 1589 846; x_wconf 83' lang='lat'><em>10</em></span> 
     </span>
     <span class='ocr_line' id='line_1_14' title="bbox 182 860 1528 925; baseline 0.001 -14"><span class='ocrx_word' id='word_1_98' title='bbox 182 871 325 922; x_wconf 85' lang='grc' dir='ltr'><em>δαμῶς</em></span> <span class='ocrx_word' id='word_1_99' title='bbox 359 870 528 912; x_wconf 77' lang='grc' dir='ltr'><em>ἅπαντα</em></span> <span class='ocrx_word' id='word_1_100' title='bbox 554 874 693 920; x_wconf 87' lang='grc' dir='ltr'><em>καλῶς</em></span> <span class='ocrx_word' id='word_1_101' title='bbox 720 869 818 925; x_wconf 80' lang='grc' dir='ltr'><em>ἔχει.</em></span> <span class='ocrx_word' id='word_1_102' title='bbox 862 872 1037 925; x_wconf 70' lang='grc' dir='ltr'><em>γνοίητε</em></span> <span class='ocrx_word' id='word_1_103' title='bbox 1066 868 1102 912; x_wconf 88' lang='grc' dir='ltr'><em>δ’</em></span> <span class='ocrx_word' id='word_1_104' title='bbox 1135 872 1208 925; x_wconf 78' lang='grc' dir='ltr'><em>ἄν,</em></span> <span class='ocrx_word' id='word_1_105' title='bbox 1234 873 1270 913; x_wconf 83' lang='grc' dir='ltr'><em>εἰ</em></span> <span class='ocrx_word' id='word_1_106' title='bbox 1298 860 1528 922; x_wconf 80' lang='grc' dir='ltr'><em>σκέψαισθ’</em></span> 
     </span>
     <span class='ocr_line' id='line_1_15' title="bbox 183 939 1534 997; baseline 0.001 -15"><span class='ocrx_word' id='word_1_107' title='bbox 183 940 366 991; x_wconf 79' lang='grc' dir='ltr'><em>ἐκείνως.</em></span> <span class='ocrx_word' id='word_1_108' title='bbox 400 943 504 983; x_wconf 88' lang='grc' dir='ltr'><em>πότε</em></span> <span class='ocrx_word' id='word_1_109' title='bbox 524 939 692 994; x_wconf 86' lang='grc' dir='ltr'><em>μάλιστ’</em></span> <span class='ocrx_word' id='word_1_110' title='bbox 719 940 766 983; x_wconf 80' lang='grc' dir='ltr'><em>ἐν</em></span> <span class='ocrx_word' id='word_1_111' title='bbox 786 948 949 997; x_wconf 78' lang='grc' dir='ltr'><em>ταραχῇ</em></span> <span class='ocrx_word' id='word_1_112' title='bbox 970 943 1021 982; x_wconf 81' lang='grc' dir='ltr'><em>τὰ</em></span> <span class='ocrx_word' id='word_1_113' title='bbox 1041 949 1128 983; x_wconf 87' lang='grc' dir='ltr'><em>τῶν</em></span> <span class='ocrx_word' id='word_1_114' title='bbox 1137 940 1360 996; x_wconf 76' lang='grc' dir='ltr'><em>Ἑλλήνων</em></span> <span class='ocrx_word' id='word_1_115' title='bbox 1379 942 1534 996; x_wconf 76' lang='grc' dir='ltr'><em>γέγονε</em></span> 
     </span>
     <span class='ocr_line' id='line_1_16' title="bbox 181 1010 1528 1068; baseline 0 -14"><span class='ocrx_word' id='word_1_116' title='bbox 181 1013 428 1067; x_wconf 68' lang='grc' dir='ltr'><em>πράγματα;</em></span> <span class='ocrx_word' id='word_1_117' title='bbox 456 1012 616 1054; x_wconf 75' lang='grc' dir='ltr'><em>οὐδένα</em></span> <span class='ocrx_word' id='word_1_118' title='bbox 642 1013 724 1066; x_wconf 69' lang='grc' dir='ltr'><em>γὰρ</em></span> <span class='ocrx_word' id='word_1_119' title='bbox 746 1014 908 1067; x_wconf 89' lang='grc' dir='ltr'><em>χρόνον</em></span> <span class='ocrx_word' id='word_1_120' title='bbox 929 1014 1064 1054; x_wconf 79' lang='grc' dir='ltr'><em>ἄλλον</em></span> <span class='ocrx_word' id='word_1_121' title='bbox 1083 1013 1107 1066; x_wconf 69' lang='lat'><em>7}</em></span> <span class='ocrx_word' id='word_1_122' title='bbox 1129 1014 1207 1055; x_wconf 92' lang='grc' dir='ltr'><em>τὸν</em></span> <span class='ocrx_word' id='word_1_123' title='bbox 1226 1014 1329 1055; x_wconf 79' lang='grc' dir='ltr'><em>νυνὶ</em></span> <span class='ocrx_word' id='word_1_124' title='bbox 1349 1010 1528 1068; x_wconf 87' lang='grc' dir='ltr'><em>παρόντ’</em></span> 
     </span>
     <span class='ocr_line' id='line_1_17' title="bbox 182 1078 1532 1138; baseline 0.001 -13"><span class='ocrx_word' id='word_1_125' title='bbox 182 1081 275 1125; x_wconf 83' lang='grc' dir='ltr'><em>οὐδ’</em></span> <span class='ocrx_word' id='word_1_126' title='bbox 315 1083 368 1125; x_wconf 80' lang='grc' dir='ltr'><em>ἂν</em></span> <span class='ocrx_word' id='word_1_127' title='bbox 401 1078 460 1133; x_wconf 84' lang='grc' dir='ltr'><em>εἷς</em></span> <span class='ocrx_word' id='word_1_128' title='bbox 494 1084 617 1125; x_wconf 82' lang='grc' dir='ltr'><em>εἴποι.</em></span> <span class='ocrx_word' id='word_1_129' title='bbox 662 1085 740 1126; x_wconf 89' lang='grc' dir='ltr'><em>τὸν</em></span> <span class='ocrx_word' id='word_1_130' title='bbox 772 1085 852 1136; x_wconf 78' lang='grc' dir='ltr'><em>μὲν</em></span> <span class='ocrx_word' id='word_1_131' title='bbox 883 1085 965 1138; x_wconf 76' lang='grc' dir='ltr'><em>γὰρ</em></span> <span class='ocrx_word' id='word_1_132' title='bbox 998 1085 1134 1126; x_wconf 75' lang='grc' dir='ltr'><em>ἄλλον</em></span> <span class='ocrx_word' id='word_1_133' title='bbox 1167 1082 1318 1126; x_wconf 74' lang='grc' dir='ltr'><em>ἅπαντ’</em></span> <span class='ocrx_word' id='word_1_134' title='bbox 1360 1085 1419 1134; x_wconf 89' lang='grc' dir='ltr'><em>εἰς</em></span> <span class='ocrx_word' id='word_1_135' title='bbox 1452 1085 1532 1126; x_wconf 90' lang='grc' dir='ltr'><em>δύο</em></span> 
     </span>
     <span class='ocr_line' id='line_1_18' title="bbox 181 1152 1587 1213; baseline 0.001 -17"><span class='ocrx_word' id='word_1_136' title='bbox 181 1161 315 1196; x_wconf 84' lang='grc' dir='ltr'><em>ταῦτα</em></span> <span class='ocrx_word' id='word_1_137' title='bbox 354 1152 532 1213; x_wconf 75' lang='grc' dir='ltr'><em>διῄρητο</em></span> <span class='ocrx_word' id='word_1_138' title='bbox 571 1156 622 1196; x_wconf 76' lang='grc' dir='ltr'><em>τὰ</em></span> <span class='ocrx_word' id='word_1_139' title='bbox 660 1162 748 1196; x_wconf 90' lang='grc' dir='ltr'><em>τῶν</em></span> <span class='ocrx_word' id='word_1_140' title='bbox 774 1153 1018 1210; x_wconf 78' lang='grc' dir='ltr'><em>Ἑλλήνων,</em></span> <span class='ocrx_word' id='word_1_141' title='bbox 1056 1157 1430 1208; x_wconf 85' lang='grc' dir='ltr'><em>Λακεδαιμονίους</em></span> <span class='ocrx_word' id='word_1_142' title='bbox 1461 1156 1533 1197; x_wconf 83' lang='grc' dir='ltr'><em>καὶ</em></span> <span class='ocrx_word' id='word_1_143' title='bbox 1554 1174 1587 1200; x_wconf 87' lang='lat'><em>15</em></span> 
     </span>
     <span class='ocr_line' id='line_1_19' title="bbox 181 1223 1534 1282; baseline 0.001 -16"><span class='ocrx_word' id='word_1_144' title='bbox 181 1227 302 1280; x_wconf 82' lang='grc' dir='ltr'><em>ἡμᾶς,</em></span> <span class='ocrx_word' id='word_1_145' title='bbox 328 1233 415 1267; x_wconf 90' lang='grc' dir='ltr'><em>τῶν</em></span> <span class='ocrx_word' id='word_1_146' title='bbox 443 1223 480 1267; x_wconf 90' lang='grc' dir='ltr'><em>δ’</em></span> <span class='ocrx_word' id='word_1_147' title='bbox 513 1227 658 1267; x_wconf 70' lang='grc' dir='ltr'><em>’ἄλλων</em></span> <span class='ocrx_word' id='word_1_148' title='bbox 686 1223 946 1282; x_wconf 68' lang='grc' dir='ltr'><em>[Ἑλλήνων]</em></span> <span class='ocrx_word' id='word_1_149' title='bbox 974 1227 1013 1268; x_wconf 86' lang='grc' dir='ltr'><em>οἱ</em></span> <span class='ocrx_word' id='word_1_150' title='bbox 1042 1227 1122 1279; x_wconf 80' lang='grc' dir='ltr'><em>μὲν</em></span> <span class='ocrx_word' id='word_1_151' title='bbox 1147 1227 1264 1281; x_wconf 83' lang='grc' dir='ltr'><em>ἡμῖν,</em></span> <span class='ocrx_word' id='word_1_152' title='bbox 1290 1228 1330 1268; x_wconf 84' lang='grc' dir='ltr'><em>οἱ</em></span> <span class='ocrx_word' id='word_1_153' title='bbox 1358 1224 1395 1268; x_wconf 90' lang='grc' dir='ltr'><em>δ’</em></span> <span class='ocrx_word' id='word_1_154' title='bbox 1427 1225 1534 1269; x_wconf 79' lang='grc' dir='ltr'><em>ἐκεί-</em></span> 
     </span>
     <span class='ocr_line' id='line_1_20' title="bbox 181 1296 1630 1354; baseline -0.001 -15"><span class='ocrx_word' id='word_1_155' title='bbox 181 1314 274 1347; x_wconf 84' lang='grc' dir='ltr'><em>νοις</em></span> <span class='ocrx_word' id='word_1_156' title='bbox 313 1297 551 1350; x_wconf 72' lang='grc' dir='ltr'><em>ὑπηκουον.</em></span> <span class='ocrx_word' id='word_1_157' title='bbox 601 1299 806 1350; x_wconf 86' lang='grc' dir='ltr'><em>βασιλεὺς</em></span> <span class='ocrx_word' id='word_1_158' title='bbox 847 1298 894 1339; x_wconf 79' lang='grc' dir='ltr'><em>δὲ</em></span> <span class='ocrx_word' id='word_1_159' title='bbox 932 1296 1032 1339; x_wconf 76' lang='grc' dir='ltr'><em>καθ’</em></span> <span class='ocrx_word' id='word_1_160' title='bbox 1077 1298 1213 1339; x_wconf 82' lang='grc' dir='ltr'><em>αὑτὸν</em></span> <span class='ocrx_word' id='word_1_161' title='bbox 1251 1298 1331 1351; x_wconf 80' lang='grc' dir='ltr'><em>μὲν</em></span> <span class='ocrx_word' id='word_1_162' title='bbox 1355 1297 1532 1354; x_wconf 41' lang='grc' dir='ltr'><em>ὶὸμοίως</em></span> <span class='ocrx_word' id='word_1_163' title='bbox 1554 1301 1630 1338; x_wconf 83' lang='lat'><em>145</em></span> 
     </span>
     <span class='ocr_line' id='line_1_21' title="bbox 183 1365 1534 1426; baseline 0.001 -16"><span class='ocrx_word' id='word_1_164' title='bbox 183 1370 344 1410; x_wconf 72' lang='grc' dir='ltr'><em>ἅπασιν</em></span> <span class='ocrx_word' id='word_1_165' title='bbox 359 1370 537 1418; x_wconf 79' lang='grc' dir='ltr'><em>ἄπιστος</em></span> <span class='ocrx_word' id='word_1_166' title='bbox 551 1365 730 1422; x_wconf 75' lang='grc' dir='ltr'><em>ἣν,τοὺς</em></span> <span class='ocrx_word' id='word_1_167' title='bbox 747 1369 793 1410; x_wconf 81' lang='grc' dir='ltr'><em>δὲ</em></span> <span class='ocrx_word' id='word_1_168' title='bbox 807 1369 1129 1423; x_wconf 74' lang='grc' dir='ltr'><em>κρατουμένους</em></span> <span class='ocrx_word' id='word_1_169' title='bbox 1144 1375 1202 1426; x_wconf 80' lang='grc' dir='ltr'><em>τῷ</em></span> <span class='ocrx_word' id='word_1_170' title='bbox 1216 1369 1388 1426; x_wconf 75' lang='grc' dir='ltr'><em>πολέμῳ</em></span> <span class='ocrx_word' id='word_1_171' title='bbox 1400 1380 1534 1424; x_wconf 90' lang='grc' dir='ltr'><em>προσ-</em></span> 
     </span>
     <span class='ocr_line' id='line_1_22' title="bbox 183 1437 1530 1495; baseline 0 -14"><span class='ocrx_word' id='word_1_172' title='bbox 183 1440 436 1494; x_wconf 80' lang='grc' dir='ltr'><em>λαμβάνων,</em></span> <span class='ocrx_word' id='word_1_173' title='bbox 469 1440 567 1495; x_wconf 78' lang='grc' dir='ltr'><em>ἄχρι</em></span> <span class='ocrx_word' id='word_1_174' title='bbox 595 1437 647 1481; x_wconf 84' lang='grc' dir='ltr'><em>οὗ</em></span> <span class='ocrx_word' id='word_1_175' title='bbox 673 1447 762 1489; x_wconf 86' lang='grc' dir='ltr'><em>τοῖς</em></span> <span class='ocrx_word' id='word_1_176' title='bbox 790 1439 950 1494; x_wconf 79' lang='grc' dir='ltr'><em>ἑτέροις</em></span> <span class='ocrx_word' id='word_1_177' title='bbox 978 1439 1018 1490; x_wconf 76' lang='grc' dir='ltr'><em>ἐξ</em></span> <span class='ocrx_word' id='word_1_178' title='bbox 1047 1441 1144 1482; x_wconf 78' lang='grc' dir='ltr'><em>ἴσου</em></span> <span class='ocrx_word' id='word_1_179' title='bbox 1179 1442 1369 1495; x_wconf 84' lang='grc' dir='ltr'><em>ποιήσαι,</em></span> <span class='ocrx_word' id='word_1_180' title='bbox 1395 1441 1530 1482; x_wconf 84' lang='grc' dir='ltr'><em>διεπι-</em></span> 
     </span>
     <span class='ocr_line' id='line_1_23' title="bbox 183 1502 1588 1566; baseline 0.001 -14"><span class='ocrx_word' id='word_1_181' title='bbox 183 1512 377 1565; x_wconf 83' lang='grc' dir='ltr'><em>στεύετο,</em></span> <span class='ocrx_word' id='word_1_182' title='bbox 416 1509 546 1552; x_wconf 77' lang='grc' dir='ltr'><em>ἔπειτ’</em></span> <span class='ocrx_word' id='word_1_183' title='bbox 588 1511 666 1566; x_wconf 88' lang='grc' dir='ltr'><em>οὐχ</em></span> <span class='ocrx_word' id='word_1_184' title='bbox 707 1508 838 1565; x_wconf 72' lang='grc' dir='ltr'><em>ἧττον</em></span> <span class='ocrx_word' id='word_1_185' title='bbox 879 1511 1014 1553; x_wconf 84' lang='grc' dir='ltr'><em>αὐτὸν</em></span> <span class='ocrx_word' id='word_1_186' title='bbox 1050 1510 1231 1564; x_wconf 81' lang='grc' dir='ltr'><em>ἐμίσουν</em></span> <span class='ocrx_word' id='word_1_187' title='bbox 1270 1511 1344 1561; x_wconf 77' lang='grc' dir='ltr'><em>οὓς</em></span> <span class='ocrx_word' id='word_1_188' title='bbox 1381 1502 1533 1553; x_wconf 81' lang='grc' dir='ltr'><em>σώσειε</em></span> <span class='ocrx_word' id='word_1_189' title='bbox 1553 1530 1588 1556; x_wconf 80' lang='lat'><em>20</em></span> 
     </span>
     <span class='ocr_line' id='line_1_24' title="bbox 181 1581 1533 1637; baseline 0.001 -14"><span class='ocrx_word' id='word_1_190' title='bbox 181 1590 269 1624; x_wconf 86' lang='grc' dir='ltr'><em>τῶν</em></span> <span class='ocrx_word' id='word_1_191' title='bbox 295 1582 583 1637; x_wconf 87' lang='grc' dir='ltr'><em>ὑπαρχόντων</em></span> <span class='ocrx_word' id='word_1_192' title='bbox 610 1581 784 1637; x_wconf 83' lang='grc' dir='ltr'><em>ἐχθρῶν</em></span> <span class='ocrx_word' id='word_1_193' title='bbox 811 1581 852 1633; x_wconf 80' lang='grc' dir='ltr'><em>ἐξ</em></span> <span class='ocrx_word' id='word_1_194' title='bbox 880 1582 1024 1637; x_wconf 76' lang='grc' dir='ltr'><em>ἀρχῆς.</em></span> <span class='ocrx_word' id='word_1_195' title='bbox 1062 1589 1147 1624; x_wconf 87' lang='grc' dir='ltr'><em>νῦν</em></span> <span class='ocrx_word' id='word_1_196' title='bbox 1180 1583 1226 1624; x_wconf 80' lang='grc' dir='ltr'><em>δὲ</em></span> <span class='ocrx_word' id='word_1_197' title='bbox 1253 1590 1427 1636; x_wconf 89' lang='grc' dir='ltr'><em>πρῶτον</em></span> <span class='ocrx_word' id='word_1_198' title='bbox 1452 1583 1533 1635; x_wconf 84' lang='grc' dir='ltr'><em>μὲν</em></span> 
     </span>
    </p>

    <p class='ocr_par' dir='ltr' id='par_1_7' title="bbox 182 1652 1586 2064">
     <span class='ocr_line' id='line_1_25' title="bbox 183 1652 1533 1710; baseline -0.001 -14"><span class='ocrx_word' id='word_1_199' title='bbox 183 1655 204 1696; x_wconf 87' lang='grc' dir='ltr'>ὁ</span> <span class='ocrx_word' id='word_1_200' title='bbox 231 1656 437 1708; x_wconf 86' lang='grc' dir='ltr'><em>βασιλεὺς</em></span> <span class='ocrx_word' id='word_1_201' title='bbox 470 1654 603 1695; x_wconf 75' lang='grc' dir='ltr'><em>ἅπασι</em></span> <span class='ocrx_word' id='word_1_202' title='bbox 635 1661 725 1704; x_wconf 91' lang='grc' dir='ltr'><em>τοῖς</em></span> <span class='ocrx_word' id='word_1_203' title='bbox 749 1652 957 1708; x_wconf 62' lang='grc' dir='ltr'><em>’Ἑλλησιν</em></span> <span class='ocrx_word' id='word_1_204' title='bbox 989 1655 1155 1703; x_wconf 78' lang='grc' dir='ltr'><em>οἰκείως</em></span> <span class='ocrx_word' id='word_1_205' title='bbox 1188 1652 1274 1708; x_wconf 78' lang='grc' dir='ltr'><em>ἔχει</em></span> <span class='ocrx_word' id='word_1_206' title='bbox 1309 1653 1398 1710; x_wconf 79' lang='grc' dir='ltr'><em>(καὶ</em></span> <span class='ocrx_word' id='word_1_207' title='bbox 1424 1654 1533 1695; x_wconf 89' lang='grc' dir='ltr'><em>πάν-</em></span> 
     </span>
     <span class='ocr_line' id='line_1_26' title="bbox 182 1723 1532 1781; baseline 0 -15"><span class='ocrx_word' id='word_1_208' title='bbox 182 1742 270 1767; x_wconf 88' lang='grc' dir='ltr'><em>των</em></span> <span class='ocrx_word' id='word_1_209' title='bbox 304 1726 457 1779; x_wconf 66' lang='grc' dir='ltr'><em>ἥκιστα</em></span> <span class='ocrx_word' id='word_1_210' title='bbox 489 1726 542 1779; x_wconf 84' lang='grc' dir='ltr'><em>δὴ</em></span> <span class='ocrx_word' id='word_1_211' title='bbox 580 1726 699 1779; x_wconf 78' lang='grc' dir='ltr'><em>ἡμῖν,</em></span> <span class='ocrx_word' id='word_1_212' title='bbox 732 1726 786 1767; x_wconf 77' lang='grc' dir='ltr'><em>ἄν</em></span> <span class='ocrx_word' id='word_1_213' title='bbox 817 1741 858 1766; x_wconf 90' lang='grc' dir='ltr'><em>τι</em></span> <span class='ocrx_word' id='word_1_214' title='bbox 884 1726 941 1780; x_wconf 88' lang='grc' dir='ltr'><em>μὴ</em></span> <span class='ocrx_word' id='word_1_215' title='bbox 967 1731 1052 1767; x_wconf 88' lang='grc' dir='ltr'><em>νῦν</em></span> <span class='ocrx_word' id='word_1_216' title='bbox 1079 1723 1532 1781; x_wconf 80' lang='grc' dir='ltr'><em>ἑπανορθωσώμεθα)·</em></span> 
     </span>
     <span class='ocr_line' id='line_1_27' title="bbox 183 1795 1533 1851; baseline -0.001 -13"><span class='ocrx_word' id='word_1_217' title='bbox 183 1795 328 1838; x_wconf 78' lang='grc' dir='ltr'><em>ἔπειτα</em></span> <span class='ocrx_word' id='word_1_218' title='bbox 349 1798 609 1849; x_wconf 91' lang='grc' dir='ltr'><em>προστασίαι</em></span> <span class='ocrx_word' id='word_1_219' title='bbox 629 1797 786 1838; x_wconf 87' lang='grc' dir='ltr'><em>πολλαὶ</em></span> <span class='ocrx_word' id='word_1_220' title='bbox 807 1797 877 1838; x_wconf 81' lang='grc' dir='ltr'><em>καὶ</em></span> <span class='ocrx_word' id='word_1_221' title='bbox 897 1797 1177 1851; x_wconf 84' lang='grc' dir='ltr'><em>πανταχόθεν</em></span> <span class='ocrx_word' id='word_1_222' title='bbox 1197 1797 1437 1850; x_wconf 71' lang='grc' dir='ltr'><em>γίγνονται,</em></span> <span class='ocrx_word' id='word_1_223' title='bbox 1461 1795 1533 1837; x_wconf 82' lang='grc' dir='ltr'><em>καὶ</em></span> 
     </span>
     <span class='ocr_line' id='line_1_28' title="bbox 183 1865 1586 1921; baseline 0.001 -11"><span class='ocrx_word' id='word_1_224' title='bbox 183 1874 261 1910; x_wconf 89' lang='grc' dir='ltr'><em>τοῦ</em></span> <span class='ocrx_word' id='word_1_225' title='bbox 287 1868 528 1921; x_wconf 86' lang='grc' dir='ltr'><em>πρωτεύειν</em></span> <span class='ocrx_word' id='word_1_226' title='bbox 554 1867 884 1909; x_wconf 77' lang='grc' dir='ltr'><em>ἀντιποιοῦνται</em></span> <span class='ocrx_word' id='word_1_227' title='bbox 909 1868 989 1920; x_wconf 78' lang='grc' dir='ltr'><em>μὲν</em></span> <span class='ocrx_word' id='word_1_228' title='bbox 1014 1867 1190 1921; x_wconf 84' lang='grc' dir='ltr'><em>πάντες,</em></span> <span class='ocrx_word' id='word_1_229' title='bbox 1222 1866 1463 1921; x_wconf 76' lang='grc' dir='ltr'><em>ἀφεστᾶσιν</em></span> <span class='ocrx_word' id='word_1_230' title='bbox 1490 1865 1526 1908; x_wconf 87' lang='grc' dir='ltr'><em>δ’</em></span> <span class='ocrx_word' id='word_1_231' title='bbox 1552 1885 1586 1911; x_wconf 83' lang='lat'><em>25</em></span> 
     </span>
     <span class='ocr_line' id='line_1_29' title="bbox 184 1932 1532 1993; baseline -0.001 -12"><span class='ocrx_word' id='word_1_232' title='bbox 184 1938 269 1993; x_wconf 78' lang='grc' dir='ltr'><em>ἐνί,</em></span> <span class='ocrx_word' id='word_1_233' title='bbox 299 1940 370 1980; x_wconf 81' lang='grc' dir='ltr'><em>καὶ</em></span> <span class='ocrx_word' id='word_1_234' title='bbox 398 1943 623 1993; x_wconf 75' lang='grc' dir='ltr'><em>φθονοῦσι</em></span> <span class='ocrx_word' id='word_1_235' title='bbox 654 1939 726 1980; x_wconf 83' lang='grc' dir='ltr'><em>καὶ</em></span> <span class='ocrx_word' id='word_1_236' title='bbox 758 1938 1019 1980; x_wconf 77' lang='grc' dir='ltr'><em>ἀπιστοῦσιν</em></span> <span class='ocrx_word' id='word_1_237' title='bbox 1045 1938 1211 1992; x_wconf 80' lang='grc' dir='ltr'><em>αὑτοῖς,</em></span> <span class='ocrx_word' id='word_1_238' title='bbox 1238 1938 1316 1993; x_wconf 84' lang='grc' dir='ltr'><em>οὐχ</em></span> <span class='ocrx_word' id='word_1_239' title='bbox 1343 1932 1407 1988; x_wconf 81' lang='grc' dir='ltr'><em>οἷς</em></span> <span class='ocrx_word' id='word_1_240' title='bbox 1432 1935 1532 1993; x_wconf 83' lang='grc' dir='ltr'><em>ἔδει,</em></span> 
     </span>
     <span class='ocr_line' id='line_1_30' title="bbox 184 2007 1532 2064; baseline -0.001 -13"><span class='ocrx_word' id='word_1_241' title='bbox 184 2011 256 2051; x_wconf 78' lang='grc' dir='ltr'><em>καὶ</em></span> <span class='ocrx_word' id='word_1_242' title='bbox 292 2011 499 2064; x_wconf 74' lang='grc' dir='ltr'><em>γεγόνασι</em></span> <span class='ocrx_word' id='word_1_243' title='bbox 538 2007 638 2051; x_wconf 87' lang='grc' dir='ltr'><em>καθ’</em></span> <span class='ocrx_word' id='word_1_244' title='bbox 677 2010 836 2059; x_wconf 84' lang='grc' dir='ltr'><em>αὑτοὺς</em></span> <span class='ocrx_word' id='word_1_245' title='bbox 874 2009 1064 2063; x_wconf 81' lang='grc' dir='ltr'><em>ἔκαστοι,</em></span> <span class='ocrx_word' id='word_1_246' title='bbox 1092 2007 1296 2063; x_wconf 74' lang='grc' dir='ltr'><em>Ἀργεῖοι,</em></span> <span class='ocrx_word' id='word_1_247' title='bbox 1337 2011 1532 2063; x_wconf 82' lang='grc' dir='ltr'><em>Θηβαῖοι,</em></span> 
     </span>
    </p>
   </div>
   <div class='ocr_carea' id='block_1_5' title="bbox 113 2077 1532 2135">
    <p class='ocr_par' dir='ltr' id='par_1_8' title="bbox 113 2077 1532 2135">
     <span class='ocr_line' id='line_1_31' title="bbox 113 2077 1532 2135; baseline -0.002 -11"><span class='ocrx_word' id='word_1_248' title='bbox 113 2093 157 2124; x_wconf 85' lang='lat'><em>53</em></span> <span class='ocrx_word' id='word_1_249' title='bbox 184 2082 537 2135; x_wconf 90' lang='grc' dir='ltr'><em>Λακεδαιμόνιοι,</em></span> <span class='ocrx_word' id='word_1_250' title='bbox 563 2082 815 2135; x_wconf 86' lang='grc' dir='ltr'><em>Κορίνθιοι,</em></span> <span class='ocrx_word' id='word_1_251' title='bbox 826 2079 1036 2135; x_wconf 85' lang='grc' dir='ltr'><em>Ἀρκάδες,</em></span> <span class='ocrx_word' id='word_1_252' title='bbox 1058 2081 1188 2135; x_wconf 78' lang='grc' dir='ltr'><em>ἡμεῖς.</em></span> <span class='ocrx_word' id='word_1_253' title='bbox 1221 2077 1312 2121; x_wconf 80' lang='grc' dir='ltr'><em>ἀλλ’</em></span> <span class='ocrx_word' id='word_1_254' title='bbox 1339 2080 1452 2132; x_wconf 83' lang='grc' dir='ltr'><em>ὅμως</em></span> <span class='ocrx_word' id='word_1_255' title='bbox 1472 2081 1532 2129; x_wconf 86' lang='grc' dir='ltr'><em>εἰς</em></span> 
     </span>
    </p>
   </div>
   <div class='ocr_carea' id='block_1_6' title="bbox 179 2151 1586 2278">
    <p class='ocr_par' dir='ltr' id='par_1_9' title="bbox 179 2151 1586 2278">
     <span class='ocr_line' id='line_1_32' title="bbox 184 2151 1533 2209; baseline -0.001 -15"><span class='ocrx_word' id='word_1_256' title='bbox 184 2159 373 2194; x_wconf 89' lang='grc' dir='ltr'><em>τοσαῦτα</em></span> <span class='ocrx_word' id='word_1_257' title='bbox 399 2152 505 2207; x_wconf 85' lang='grc' dir='ltr'><em>μέρη</em></span> <span class='ocrx_word' id='word_1_258' title='bbox 531 2153 603 2194; x_wconf 82' lang='grc' dir='ltr'><em>καὶ</em></span> <span class='ocrx_word' id='word_1_259' title='bbox 628 2153 841 2202; x_wconf 84' lang='grc' dir='ltr'><em>τοσαύτας</em></span> <span class='ocrx_word' id='word_1_260' title='bbox 868 2153 1124 2201; x_wconf 85' lang='grc' dir='ltr'><em>δυναστείας</em></span> <span class='ocrx_word' id='word_1_261' title='bbox 1145 2151 1420 2209; x_wconf 82' lang='grc' dir='ltr'><em>διῃρημένων</em></span> <span class='ocrx_word' id='word_1_262' title='bbox 1444 2158 1533 2192; x_wconf 89' lang='grc' dir='ltr'><em>τῶν</em></span> 
     </span>
     <span class='ocr_line' id='line_1_33' title="bbox 179 2221 1586 2278; baseline -0.001 -13"><span class='ocrx_word' id='word_1_263' title='bbox 179 2221 446 2278; x_wconf 86' lang='grc' dir='ltr'><em>Ἑλληνικῶν</em></span> <span class='ocrx_word' id='word_1_264' title='bbox 478 2223 760 2278; x_wconf 70' lang='grc' dir='ltr'><em>πραγμάτων,</em></span> <span class='ocrx_word' id='word_1_265' title='bbox 793 2225 829 2265; x_wconf 86' lang='grc' dir='ltr'><em>εἰ</em></span> <span class='ocrx_word' id='word_1_266' title='bbox 863 2224 930 2264; x_wconf 90' lang='grc' dir='ltr'><em>δεῖ</em></span> <span class='ocrx_word' id='word_1_267' title='bbox 959 2222 1129 2277; x_wconf 82' lang='grc' dir='ltr'><em>τάληθῆ</em></span> <span class='ocrx_word' id='word_1_268' title='bbox 1161 2223 1266 2276; x_wconf 82' lang='grc' dir='ltr'><em>μετὰ</em></span> <span class='ocrx_word' id='word_1_269' title='bbox 1291 2223 1532 2277; x_wconf 86' lang='grc' dir='ltr'><em>παρρησίας</em></span> <span class='ocrx_word' id='word_1_270' title='bbox 1551 2239 1586 2264; x_wconf 72' lang='grc' dir='ltr'><em>ω</em></span> 
     </span>
    </p>
   </div>
  </div>
 </body>
</html>
