1689 2531
79 76 164 120 xv1]
459 75 592 107 ΥΠΕΡ
615 74 1044 107 ΜΕΓΑΑΟΠΟΛῙΤΩΝ
1339 74 1421 115 139

78 176 157 212 τοῦ
176 171 234 225 μὴ
254 174 418 212 παθεῖν
436 185 478 211 τι
497 170 632 211 κακὸν
650 172 856 222 πολεμεῖν
875 168 1176 224 αἱρουμένους,
1195 167 1286 211 ἀλλ’
1312 170 1420 224 ὑπὲρ

78 247 156 283 τοῦ
194 242 462 293 κομίσασθαι
497 241 578 294 τὴν
609 241 824 295 πρότερον
861 237 1001 282 οὖσαν
1032 240 1179 290 αὑτοῖς
1211 241 1422 293 δύναμιν·

78 309 141 354 ὧν
167 309 223 367 δ’,
249 311 307 353 ὅτ’
342 309 513 365 ἐκείνην
538 306 669 366 εἶχον,
695 310 924 365 ὠρέγοντο,
950 308 1078 352 ταῦθ’
1109 311 1230 363 ὑμεῖς
1255 315 1422 364 μᾶλλον

79 383 181 433 ἴσως
207 382 368 431 εἰδότες
393 381 419 436 ἢ
446 380 529 436 ἐγὼ
556 379 764 436 φοβοῖσθ’
797 381 852 423 ἂν
878 383 1062 431 εἰκότως.

41 472 57 498 5
137 453 301 503 ‘Hagnas
328 450 366 494 δ’
398 452 452 494 ἂν
476 454 703 507 πυθοίμην
728 453 800 494 καὶ
822 459 910 494 τῶν
931 452 1187 508 [λεγόντων]
1213 455 1316 503 τοὺς
1339 457 1423 508 Θη-

0 529 57 565 :08
77 525 230 577 βαίους
256 523 414 578 μιΙσεῖν
440 525 702 578 φασκόντων
721 524 792 565 καὶ
811 526 914 573 τοὺς
934 525 1321 579 Λακεδαιμονίους,
1345 526 1421 566 πό-

77 593 162 650 τερ’
196 593 390 649 ἑκάτεροι
415 600 633 649 μισοῦσιν,
659 594 735 644 οὓς
761 595 814 649 δὴ
835 601 1054 650 μισοῦσιν,
1079 595 1188 649 ὑπὲρ
1208 596 1332 648 ὑμῶν
1351 596 1421 637 καὶ

78 671 157 707 τοῦ
185 664 488 720 συμφέροντος
513 665 630 720 ὑμῖν,
654 665 680 719 ἣ
706 666 816 720 ὑπὲρ
843 666 1204 718 Λακεδαιμονίων
1227 666 1309 718 μὲν
1338 670 1422 721 Θη-

78 737 244 791 βαίους,
275 736 384 790 ὑπὲρ
419 736 468 777 δὲ
497 737 701 790 Θηβαίων
726 737 1101 788 Λακεδαιμονίους
1127 735 1333 792 ἑκάτεροι.
1385 739 1421 779 εἰ

28 827 61 852 10
80 807 161 859 μὲν
191 807 274 861 γὰρ
307 807 415 859 ὑπὲρ
450 805 641 861 ἐκείνων,
673 807 918 861 οὐδετέροις
945 807 1001 856 ὡς
1026 807 1305 859 μαινομένοις
1330 809 1421 850 πεί-

79 881 245 920 θεσθαι
277 878 503 931 προσήκει·
546 879 583 919 εἰ
616 875 653 918 δ’
690 878 799 932 ὑπὲρ
826 878 949 931 ὑμῶν
975 880 1208 932 φήσουσιν,
1238 882 1283 920 τί
1311 878 1421 936 πέρᾳ

80 954 158 990 τοῦ
195 954 351 1003 καιροῦ
389 949 491 998 τοὺς
527 947 1009 1003 ἑτέρους“ἐπαίρουσιν;
1048 946 1167 991 ἔστιν
1202 949 1297 1004 γάρ,
1332 948 1422 992 ἔστι

84 1020 302 1073 Θηβαίους
337 1021 569 1069 ταπεινοὺς
607 1026 751 1061 ποιεῖν
789 1021 894 1061 ἄνευ
934 1026 1011 1061 τοῦ
1049 1021 1423 1072 Λακεδαιμονίους

82 1091 288 1145 ἰσχυροὺς
329 1089 607 1145 καθιστάναι,
646 1091 717 1132 καὶ
751 1091 864 1132 πολύ
898 1106 947 1144 γε
983 1091 1110 1147 ῥᾷον·
1157 1091 1213 1140 ὡς
1249 1089 1304 1145 δ’,
1340 1090 1422 1145 ἐγὼ

27 1179 60 1205 15
80 1161 341 1215 πειράσομαι
366 1161 474 1215 πρὸς
499 1161 610 1213 ὑμᾶς
636 1163 784 1203 εἰπεῖν.
824 1162 949 1214 ἴσμεν
976 1162 1161 1211 ἅπαντες
1187 1160 1332 1217 τοῦθ’,
1358 1163 1423 1204 ὅτι

77 1232 130 1272 τὰ
156 1232 237 1285 μὲν
263 1232 408 1273 δίκαια
434 1232 603 1286 πάντες,
629 1230 705 1273 ἐὰν
730 1233 802 1274 καὶ
828 1233 884 1286 μὴ
910 1233 1170 1287 βούλωνται,
1195 1232 1319 1288 μέχρι
1344 1234 1423 1275 τού

78 1300 117 1356 γ’
149 1303 432 1357 αἰσχύνονται
458 1303 515 1357 μὴ
541 1302 759 1357 πράττειν,
790 1310 880 1353 τοῖς
907 1301 944 1344 δ’
976 1303 1143 1353 ἀδίκοις
1171 1302 1422 1346 ἐναντιοῦν-

78 1388 148 1414 ται
174 1380 386 1428 φανερῶς,
411 1374 550 1423 ἄλλως
575 1389 620 1415 τε
639 1375 721 1415 κᾶν
740 1389 854 1423 τινες
874 1374 1168 1427 βλάπτωνται·
1202 1375 1274 1416 καὶ
1293 1381 1422 1417 τοῦτο

81 1445 401 1496 λυμαινόμενον
420 1442 555 1486 πάνθ’
582 1445 835 1498 εὑρήσομεν,
854 1446 924 1486 καὶ
944 1445 1107 1498 ταύτην
1127 1444 1265 1499 ἀρχὴν
1285 1442 1423 1487 οὖσαν

26 1532 61 1558 20
80 1514 256 1556 πάντων
287 1522 376 1556 τῶν
407 1522 563 1569 κακῶν,
594 1517 642 1557 τὸ
674 1516 731 1569 μὴ
758 1513 926 1557 ’θέλειν
956 1516 1008 1556 τὰ
1041 1516 1186 1556 δίκαια
1217 1516 1423 1570 πράττειν

80 1584 235 1636 ἁπλῶς.
286 1586 360 1627 ἵνα
392 1587 546 1627 τοίνυν
571 1587 628 1640 μὴ
654 1584 770 1627 τοῦτ’
804 1585 1004 1638 ἐμποδὼν
1029 1585 1207 1640 γένηται
1232 1592 1292 1643 τῷ
1340 1591 1423 1641 Θη-

79 1658 232 1710 βαίους
257 1656 467 1711 γενέσθαι
493 1657 686 1711 μικρούς,
710 1657 785 1706 τὰς
811 1657 890 1709 μὲν
921 1657 1107 1706 Θεσπιὰς
1133 1657 1204 1698 καὶ
1229 1658 1307 1699 τὸν
1326 1655 1422 1712 Ὀρ-

79 1729 266 1782 χομενὸν
306 1728 377 1768 καὶ
417 1728 492 1777 τὰς
528 1728 750 1776 Πλαταιὰς
786 1729 1105 1778 κατοικίζεσθαι
1142 1735 1293 1782 φῶμεν
1329 1729 1422 1770 δεῖν

79 1798 151 1839 καὶ
196 1797 538 1852 συμπράττωμεν
583 1798 729 1848 αὐτοῖς
773 1799 844 1839 καὶ
887 1800 988 1847 τοὺς
1034 1799 1192 1848 ἄλλους
1237 1797 1423 1851 ἀξιῶμεν

27 1885 60 1910 25
82 1867 236 1923 (ταῦτα
270 1869 353 1922 γὰρ
389 1868 460 1909 καὶ
494 1869 603 1909 καλὰ
637 1870 709 1910 καὶ
744 1869 907 1923 δίκαια,
941 1870 997 1922 μὴ
1033 1875 1242 1923 περιορᾶν
1277 1871 1422 1920 πόλεις

81 1938 259 1994 ἀρχαίας
293 1937 623 1995 ἐξανεστώσας),
654 1940 734 1993 τὴν
766 1940 813 1981 δὲ
839 1940 1053 1993 Μεγάλην
1084 1941 1214 1981 πόλιν
1245 1941 1316 1981 καὶ
1342 1942 1421 1995 τὴν

81 2012 324 2064 ΙἉεσσήνην
362 2011 418 2064 μὴ
456 2010 693 2064 προώμεθα
729 2017 818 2059 τοῖς
857 2010 1099 2064 ἀδικοῦσιν,
1136 2008 1233 2064 μηδ’
1272 2009 1340 2052 ἐπὶ
1371 2018 1422 2066 τῇ

80 2080 298 2134 προφάσει
342 2087 394 2135 τῇ
432 2083 669 2122 Πλαταιῶν
705 2081 776 2122 καὶ
819 2084 1020 2122 Θεσπιῶν
1060 2082 1134 2130 τὰς
1176 2082 1308 2131 οὔσας
1351 2083 1422 2123 καὶ

82 2150 420 2204 κατοικουμένας
453 2153 600 2200 πόλεις
633 2151 938 2206 ἀναιρεθείσας
964 2153 1238 2206 περιίδωμεν.
1288 2148 1422 2211 κᾶνῇ

0 2245 4 2250 -
28 2238 62 2263 so
82 2227 217 2263 ταῦτα
248 2223 457 2276 πρόδηλα,
489 2222 631 2271 οὐδεὶς
659 2223 774 2271 ὅστις
802 2223 853 2264 οὐ
880 2225 1140 2277 βουλήσεται
1166 2224 1422 2266 παύσασθαι

1449 465 1492 495 ‘23

1450 961 1494 991 24

1450 1597 1492 1627 ‘25

1448 2164 1491 2194 26
