1689 2531
114 83 180 129 111]
593 81 917 115 οΛΥΝΘΙΑΚοΣ
943 82 973 113 Γ
1401 79 1456 120 29

117 178 338 262 ὠφελῆσαι
362 193 415 218 ττι
439 176 686 232 πράγματα,
716 175 826 217 ἀλλὰ
850 176 921 217 καὶ
948 177 1008 225 εἰς
1034 176 1082 217 τὸ
1110 176 1265 217 λοιπὸν
1290 178 1457 228 μᾶλλον

115 246 172 290 ἔτ’
209 247 234 302 ἢ
266 254 352 289 νῦν
382 248 430 289 τὸ
462 248 514 289 τὰ
539 247 740 301 βέλτιστα
767 246 910 301 λέγειν
936 246 1242 301 φοβερώτερον
1266 251 1456 299 ποιῆσαι.

115 319 187 361 καὶ
218 318 341 360 λύειν
371 316 409 372 γ’
449 315 481 359 ὦ
507 318 663 372 ἄνδρες
689 315 910 371 Ἀθηναῖοι
940 318 1042 366 τοὺς
1073 317 1236 369 νόμους
1268 317 1335 358 δεῖ
1358 316 1458 358 τού-

115 405 217 439 τους
247 391 349 438 τοὺς
381 388 540 438 αὐτοὺς
574 387 727 438 ἀξιοῦν
758 388 881 442 οἵπερ
913 388 984 429 καὶ
1009 389 1264 441 τεθήκασιν·
1296 386 1348 429 οὐ
1374 386 1456 441 γάρ

45 464 95 499 32
117 459 206 502 ἐστι
228 460 411 514 δίκαιον,
448 460 528 513 τὴν
547 459 626 511 μὲν
646 458 785 513 χάριν,
804 459 830 512 ’ἢ
851 464 995 500 πᾶσαν
1015 456 1198 512 ἔβλαπτε
1217 459 1298 512 τὴν
1317 458 1458 511 πόλιν,

81 548 96 573 6
116 537 205 580 τοῖς
230 531 327 572 τότε
353 534 502 572 θεῖσιν
526 529 751 584 ὑπάρχειν,
776 530 856 583 τὴν
883 529 908 570 δ
915 529 920 539 ’
953 528 1210 584 ἀπέχθειαν,
1242 526 1297 570 δι’
1328 525 1377 582 ἧς
1405 527 1458 569 ἂν

117 602 301 651 ἅπαντες
327 601 508 653 ἄμεινον
533 599 785 654 πράξαιμεν,
809 605 868 657 τῷ
887 606 973 642 νῦν
998 601 1050 641 τὰ
1074 599 1260 654 βέλτιστ’
1292 600 1458 641 εἰπόντι

117 673 270 727 ζημίαν
295 671 515 726 γενέσθαι.
553 671 658 725 πρὶν
684 671 731 712 δὲ
757 670 876 712 ταῦτ’
909 670 1169 725 εὐτρεπίσαι,
1194 671 1398 724 μηδαμῶς
1425 667 1457 711 ὦ

117 744 272 797 ἄνδρες
292 740 512 796 Ἀθηναῖοι
543 739 691 796 μηδέν’
730 741 900 792 ἀξιοῦτε
932 745 1190 795 τηλικοῦτον
1217 737 1328 783 εἶναι
1354 738 1452 795 παρ’

64 829 97 854 10
117 814 234 869 ὑμῖν,
264 813 374 855 ὥστε
405 814 506 862 τοὺς
537 813 699 865 νόμους
731 812 912 862 τούτους
938 812 1193 867 παραβάντα
1219 813 1275 866 μὴ
1303 812 1459 853 δοῦναι

118 886 264 939 δίκην,
296 882 394 938 μηδ’
427 882 563 932 οὕτως
598 882 804 937 ἀνόητον,
839 880 937 924 ὥστ’
970 884 1029 932 εἰς
1064 889 1291 937 προῦπτον
1325 883 1459 924 κακὸν

117 956 252 998 αὑτὸν
278 953 492 1008 ἐμβαλεῖν.

180 1025 243 1067 Οὐ
275 1026 360 1079 μὴν
392 1023 484 1066 οὐδ’
523 1023 662 1066 ἐκεῖνό
694 1022 733 1078 γ’
770 1024 879 1077 ὑμᾶς
914 1024 1091 1078 ἀγνοεῖν
1130 1024 1196 1065 δεῖ
1234 1021 1265 1065 ὧ
1304 1025 1460 1078 ἄνδρες

111 1095 345 1151 Ἀθηναῖοι,
371 1096 436 1137 ὅτι
462 1093 648 1149 ψήφισμ’
675 1095 855 1144 οὐδενὸς
876 1094 999 1145 ἄξιόν
1020 1093 1151 1148 ε’στιν,
1177 1094 1231 1136 ἂν
1250 1096 1306 1149 μὴ
1327 1106 1459 1148 προσ-

65 1182 97 1208 15
117 1166 294 1222 γένηται
333 1167 381 1208 τὸ
426 1173 569 1207 ποιεῖν
613 1164 785 1207 ἐθέλειν
822 1165 874 1206 τά
910 1181 959 1219 γε
997 1165 1184 1216 δόξαντα
1221 1166 1460 1219 προθύμως

117 1238 239 1290 ὑμᾶς.
279 1238 314 1278 εἰ
340 1237 422 1291 γὰρ
450 1236 640 1290 αὐτάρκη
667 1237 718 1277 τὰ
744 1235 984 1290 ψηφίσματ’
1016 1233 1070 1289 ἧν
1101 1236 1121 1289 ἢ
1143 1236 1252 1288 ὑμᾶς
1273 1235 1459 1290 ἀναγκά-

119 1311 206 1360 ζειν
233 1308 257 1349 ἑὲ
283 1309 490 1361 προσήκει
516 1306 721 1361 πράττειν
748 1306 769 1360 ἢ
797 1307 895 1359 περὶ
921 1304 983 1348 ὧν
1011 1308 1196 1362 γραφείη
1228 1306 1460 1361 διαπράξα-

120 1384 240 1433 σθαι,
271 1376 359 1420 οὔτ’
387 1377 440 1419 ἂν
460 1378 581 1430 ὑμεῖς
601 1378 739 1419 πολλὰ
760 1379 1045 1432 ψηφιζόμενοι
1065 1377 1207 1431 μικρά,
1232 1380 1397 1429 μᾶλλον
1418 1375 1454 1419 δ’

120 1450 253 1492 οὐδὲν
278 1447 504 1503 ἐπράττετε
530 1449 710 1503 τούτων,
736 1449 836 1490 οὔτε
861 1450 1074 1498 Φίλιππος
1101 1455 1313 1490 τοσοῦτον
1338 1448 1461 1502 ὑβρί-

67 1536 101 1561 20
119 1536 185 1563 κει
204 1521 383 1575 χρόνον·
408 1519 539 1561 πάλαι
559 1520 640 1573 γὰρ
663 1519 716 1561 ἂν
736 1518 862 1561 ἕνεκά
881 1535 929 1573 γε
948 1519 1240 1573 ψηφισμάτων
1261 1518 1460 1561 ἐδεδώκει

121 1592 259 1645 δίκην.
296 1588 387 1632 ἀλλ’
426 1590 504 1645 οὐχ
537 1590 649 1632 οὕτω
682 1589 801 1631 ταῦτ’
833 1588 937 1644 ἔχει·
969 1591 1016 1631 τὸ
1043 1591 1125 1644 γὰρ
1153 1590 1358 1644 πράττειν
1382 1596 1460 1632 τοῦ

122 1661 265 1716 λέγειν
296 1661 367 1703 καὶ
399 1668 666 1715 χειροτονεῖν
697 1660 884 1714 ὕστερον
917 1661 968 1702 ὃν
1000 1667 1050 1715 τῇ
1082 1659 1216 1714 τάξει,
1246 1662 1461 1715 πρότερον

121 1739 172 1788 τῇ
199 1731 382 1784 δυνάμει
408 1732 479 1773 καὶ
505 1732 702 1785 κρεῖττόν
724 1730 853 1772 ἐστιν.
893 1729 1008 1773 τοῦτ’
1035 1728 1117 1772 οὖν
1138 1732 1204 1773 δεῖ
1222 1738 1463 1785 προσεῖναι,

121 1804 173 1844 τὰ
200 1802 237 1844 δ’
269 1799 361 1844 ἄλλ’
391 1801 593 1856 ὑπάρχει·
618 1802 689 1843 καὶ
714 1802 796 1856 γὰρ
825 1803 962 1843 εἰπεῖν
987 1802 1038 1842 τὰ
1059 1801 1214 1843 δέοντα
1234 1799 1332 1855 παρ’
1357 1802 1461 1854 ὑμῖν

68 1889 101 1914 25
123 1871 155 1915 ὦ
182 1874 337 1927 ἄνδρες
350 1870 570 1926 Ἀθηναῖοι
597 1872 847 1926 δυνάμενοι,
871 1872 940 1913 καὶ
962 1879 1125 1926 γνῶναι
1146 1872 1322 1914 πάντων
1341 1873 1462 1924 ὑμεῖς

124 1942 323 1993 ὀξύτατοι
348 1943 399 1984 τὰ
425 1942 630 1998 ῥηθέντα,
654 1943 725 1984 καὶ
750 1941 907 1996 πρᾶξαι
929 1943 976 1984 δὲ
997 1943 1244 1996 δυνήσεσθε
1263 1949 1361 1997 νῦν,
1387 1942 1462 1984 ἐὰν

124 2013 269 2067 ὀρθῶς
293 2019 453 2066 ποιῆτε.
488 2015 585 2055 τίνα
610 2014 692 2067 γὰρ
719 2014 880 2067 χρόνον
905 2013 929 2066 ἢ
957 2014 1053 2054 τίνα
1079 2015 1233 2067 καιρὸν
1253 2011 1284 2054 ὦ
1306 2014 1461 2067 ἄνδρες

114 2081 338 2137 Ἀθηναῖοι
375 2089 454 2125 τοῦ
492 2085 706 2138 παρόντος
738 2085 892 2136 βελτίω
926 2087 1102 2137 ζητεῖτε;
1141 2083 1164 2137 ἢ
1198 2083 1300 2125 πόθ’
1340 2084 1364 2125 ἑὲ
1396 2084 1463 2125 δεῖ

124 2153 312 2208 πράξετ’,
338 2156 374 2196 εἰ
399 2155 456 2208 μὴ
482 2160 584 2205 νῦν;
612 2154 689 2209 οὐχ
717 2155 884 2196 ἅπαντα
909 2155 988 2206 μὲν
1014 2155 1135 2208 ἡμῶν
1155 2156 1391 2209 προείληφε
1411 2156 1462 2196 τὰ

71 2241 106 2267 30
125 2223 242 2279 xoepff
263 2225 509 2280 ἄνθρωπος,
529 2226 564 2267 εἰ
586 2225 633 2266 δὲ
652 2225 722 2266 καὶ
742 2225 899 2278 ταύτης
918 2225 1067 2280 κύριος
1087 2231 1160 2279 τῆς
1179 2226 1318 2280 χώρας
1338 2227 1463 2280 γενή-

1487 400 1527 431 13

1488 1039 1529 1068 14

1490 1605 1530 1634 15

1491 2026 1531 2056 16
