1689 2531
111 83 186 128 ΧΠ]
517 83 773 116 ΕΠΙΣΤΟΛΗ
799 83 1051 116 ΦΙΛΙΠΠΟΤ
1370 81 1453 121 149

112 178 360 233 γράφοντος
387 177 435 220 ἐν
460 185 552 227 ταῖς
579 176 822 227 ἐπιστολαῖς
848 175 956 233 ὑπὲρ
985 177 1129 232 αὐτῆς,
1155 176 1369 232 ἐγνώκατε
1395 177 1459 218 δι-

112 250 243 298 καίως
281 247 398 304 ἔχειν
433 249 562 303 ἡμᾶς,
598 249 694 290 τότε
731 249 811 301 μὲν
847 248 1132 303 ποιησάμενοι
1168 249 1249 302 τὴν
1281 249 1460 302 εἰρήνην

113 317 288 375 ἔχοντος
315 318 419 372 ἐμοῦ
445 320 525 374 τὴν
550 321 692 374 πόλιν,
717 314 823 375 κᾷτα
845 320 1091 374 συμμαχίαν
1111 317 1180 360 ἐπὶ
1199 326 1291 368 ταῖς
1312 319 1461 367 αὐταῖς

114 390 374 444 ὁμολογίαις.
406 392 546 432 καίτοι
566 397 655 439 πῶς
680 389 734 431 ἂν
754 389 876 444 ἑτέρα
895 390 1066 444 γένοιτο
1086 389 1342 444 βεβαιοτέρα
1361 389 1463 430 ταύ-

80 479 96 506 5
116 476 189 515 της
226 467 393 516 κτῆσις,
426 467 500 515 τῆς
534 461 582 502 τὸ
614 461 694 513 μὲν
727 459 768 510 ἐξ
801 461 933 516 ἀρχῆς
967 461 1330 514 καταλειφθείσης
1356 460 1460 513 ἡμῖν

115 529 200 573 ὑπὸ
233 539 321 573 τῶν
352 533 603 587 προγόνων,
634 531 766 573 πάλιν
796 532 844 573 δὲ
868 532 976 573 κατὰ
1001 532 1192 583 πόλεμον
1218 529 1318 584 ἐμῆς
1344 545 1463 584 γεγε-

115 602 316 657 νημένης,
340 604 490 656 τρίτον
516 602 564 644 δὲ
590 604 947 657 συγχωρηθείσης
973 600 1049 656 ὑφ’
1080 600 1203 654 ὑμῶν
1233 608 1322 643 τῶν
1354 603 1463 643 εἰθι-

118 673 290 726 σμένων
316 673 607 728 ἀμφισβητεῖν
632 675 703 715 καὶ
729 681 817 714 τῶν
843 673 975 715 οὐδὲν
1005 671 1110 725 ὑμῖν
1135 673 1464 725 προσηκόντων;

168 742 210 786 Ἄ
235 745 315 797 μὲν
342 742 423 787 οὖν
444 744 621 799 ἐγκαλῶ,
647 743 765 785 ταῦτ’
786 743 922 786 ἐστίν·
949 745 1005 794 ὡς
1026 744 1074 786 δὲ
1092 743 1465 797 προϋπαρχόντων

66 833 98 858 ιο
117 815 189 856 καὶ
215 816 288 857 διὰ
312 816 393 870 τὴν
419 814 525 870 ἐμὴν
552 815 783 868 εὐλάβειαν
808 818 974 867 μᾶλλον
999 816 1081 868 ἤδη
1108 821 1197 864 τοῖς
1216 814 1466 868 πράγμασιν

120 884 436 939 ἐπιτιθεμένων
460 887 532 928 καὶ
559 884 659 927 καθ’
681 887 786 928 ὅσον
807 885 861 927 ἂν
882 886 1079 939 δύνησθε
1098 884 1466 938 κακοποιούντων,

119 954 228 1009 ὑμᾶς
263 956 512 1010 ἀμυνοῦμαι
546 958 650 1009 μετὰ
682 963 760 998 τοῦ
794 957 984 1010 δικαίου,
1018 957 1089 997 καὶ
1114 956 1333 1009 μάρτυρας
1364 956 1465 1004 τοὺς

121 1029 256 1076 θεοὺς
281 1027 571 1082 ποιησάμενος
593 1028 857 1081 διαλήψομαι
883 1027 982 1080 περὶ
1007 1033 1095 1068 τῶν
1119 1023 1220 1068 καθ’
1251 1024 1371 1078 ὑμᾶς.

1489 399 1531 429 23

1484 447 1524 471 Is.
1533 446 1578 471 VI

1492 483 1533 508 30.
1544 482 1578 507 32
