1689 2531
111 78 213 121 XVH]
265 78 380 109 ΠΕΡΙ
403 76 500 109 ΤΩΝ
526 77 657 109 ΠΡΟΣ
682 75 1006 111 ΑΛΕΞΑΝΔΡΟΝ
1034 73 1306 107 ΣΤΝΘΗΚΩΝ
1371 71 1453 112 195

112 173 332 225 ὤμνυσαν,
351 171 609 225 καταλύωσι,
627 171 860 223 πολεμίους
881 165 992 211 εἶναι
1012 174 1117 210 πᾶσι
1137 175 1226 218 τοῖς
1246 174 1320 221 τῆς
1341 169 1453 221 εἰρή-

111 260 189 297 νης
226 242 464 297 μετέχουσι.
515 241 737 291 σκέψασθε
775 240 813 282 δ’
857 238 890 282 ὦ
929 240 1084 295 ἄνδρες
1113 238 1351 293 Ἀθηναῖοι,
1388 239 1451 279 ὅτι

106 313 262 368 Ἀχαιοὶ
286 313 366 365 μὲν
392 313 432 354 οἱ
460 311 508 354 ἐν
528 313 853 368 Πελοποννήσῳ
875 310 1262 365 ἐδημοκρατοῦντο,
1287 309 1455 350 τούτων

113 385 161 425 δ’
193 383 242 426 ἐν
268 386 474 440 Πελλήνῃ
505 389 590 424 νῦν
622 382 883 424 καταλέλυκε
914 383 992 423 τὸν
1019 382 1158 435 δῆμον
1184 380 1206 422 ὁ
1234 381 1455 421 ΝΙακεδὼν

76 475 92 500 5
113 454 308 509 ἐκβαλὼν
327 461 416 495 τῶν
435 457 626 496 πολιτῶν
645 455 746 503 τοὺς
766 455 1007 507 πλείστους,
1031 453 1083 493 τὰ
1104 451 1142 493 δ’
1168 450 1347 493 ἐκείνων
1366 458 1455 499 τοῖς

112 525 296 575 οἰκέταις
329 524 502 579 δέδωκε,
534 526 740 578 Χαίρωνα
773 524 820 565 δὲ
851 525 929 565 τὸν
961 523 1203 576 παλαιστὴν
1234 522 1456 576 τύραννον

112 596 433 650 ἐγκατέστησεν.
470 596 590 649 ἡμεῖς
618 595 665 636 δὲ
690 601 764 649 τῆς
786 596 958 649 εἰρήνης
978 593 1210 648 μετέχομεν
1229 599 1304 646 τῆς
1323 603 1455 647 προσ-

113 667 350 721 ταττούσης
381 667 614 718 πολεμίους
646 667 850 720 ἡγεῖσθαι
882 667 983 714 τοὺς
1016 670 1151 706 ταῦτα
1177 663 1455 717 πράττοντας.

112 738 159 780 ἐκ
198 739 251 793 δὴ
283 738 452 780 τούτων
477 738 637 791 πότερα
663 738 912 789 πειθόμεθα
937 743 1026 785 τοῖς
1052 741 1216 784 κοινοῖς
1241 733 1456 788 προστάγ-

59 830 92 855 10
112 820 217 862 μασι
257 809 478 861 πολεμίοις
516 808 662 857 αὐτοῖς
701 808 928 863 χρώμενοι,
964 806 988 860 ἢ
1022 805 1362 860 βδελυρεύσεταί
1393 820 1456 853 τις

113 880 166 922 οὐ
211 880 412 934 φάσκων,
454 879 623 920 τούτων
660 886 748 920 τῶν
786 877 1187 931 μισθοφορούντων
1224 876 1340 929 παρὰ
1377 881 1456 916 τοῦ

113 951 385 1005 ΝΙακεδόνος,
409 957 496 991 τῶν
521 947 622 990 καθ’
653 950 776 1002 ὑμῶν
801 949 1181 1002 πεπλουτηκότων;
1214 947 1266 988 οὐ
1293 947 1375 1000 γὰρ
1404 947 1455 999 δὴ
1509 965 1516 971 ·

113 1021 276 1075 λέληθέ
298 1020 338 1075 γ’
369 1020 528 1069 αὐτοὺς
557 1020 688 1062 οὐδὲν
714 1020 899 1061 τούτων·
938 1018 1026 1060 ἀλλ’
1057 1020 1116 1067 εἰς
1136 1017 1262 1059 τοῦθ’
1289 1017 1456 1071 ὕβρεως

112 1093 309 1147 ἥκουσιν,
334 1092 443 1133 ὥστε
470 1091 852 1145 δορυφορούμενοι
872 1097 961 1139 τοῖς
981 1095 1059 1131 τοῦ
1086 1089 1307 1142 τυράννου
1330 1098 1456 1142 στρα-

18 1169 93 1204 215
114 1163 313 1213 τοπέδοις
345 1161 393 1204 ἐν
424 1162 504 1215 μὲν
529 1169 618 1211 τοῖς
645 1160 1059 1215 παραβεβασμέῇνοις
1087 1161 1230 1214 ὅρκοις
1257 1158 1456 1211 ἐμμένειν

59 1254 91 1278 ιε
112 1235 218 1287 ὑμῖν
244 1234 581 1287 διακελεύονται,
613 1234 669 1282 ὡς
695 1233 765 1273 καὶ
791 1238 865 1285 τῆς
892 1230 1111 1285 ἐπιορκίας
1138 1230 1455 1283 αὐτοκράτορος

113 1307 239 1355 ὄντος
266 1304 448 1358 ἐκείνου,
478 1306 579 1353 τοὺς
607 1302 642 1344 δ’
678 1304 817 1352 ἰδίους
843 1303 952 1355 ὑμᾶς
977 1303 1140 1353 νόμους
1167 1300 1451 1354 ἀναγκάζουσι

114 1377 248 1430 λύειν,
272 1378 373 1425 τοὺς
399 1376 479 1428 μὲν
504 1374 783 1428 κεκριμένους
810 1372 857 1415 ἐν
883 1380 972 1422 τοῖς
993 1373 1285 1425 δικαστηρίοις
1306 1370 1456 1424 ἀφιέν-

111 1463 193 1502 τες,
218 1446 342 1501 ἕτερα
369 1447 416 1488 δὲ
442 1449 681 1499 παμπληθῆ
709 1451 887 1486 τοιαῦτα
907 1445 1153 1497 βιαζόμενοι
1174 1448 1455 1495 παρανομεῖν·

59 1536 92 1562 so
113 1519 303 1567 εἰκότως·
341 1524 430 1567 τοῖς
455 1518 537 1570 γὰρ
564 1517 832 1569 πεπρακόσιν
859 1514 1038 1563 ἑαυτοὺς
1060 1516 1119 1563 εἰς
1138 1513 1346 1555 τάναντία
1366 1519 1455 1560 τοῖς

112 1595 163 1644 τῇ
189 1589 366 1641 πατρίδι
393 1586 696 1641 συμφέρουσιν
722 1586 801 1628 οὐκ
828 1584 893 1627 ἔνι
919 1585 1065 1638 μέλειν
1091 1586 1238 1637 νόμων
1264 1581 1357 1625 οὐδ’
1385 1584 1455 1637 ὅρ-

113 1672 219 1700 κων·
263 1665 353 1708 τοῖς
381 1658 418 1699 δ’
452 1659 634 1710 ὀνόμασι
660 1659 798 1709 μόνον
824 1656 968 1698 αὐτῶν
995 1655 1294 1709 ἀποχρώμενοι
1320 1669 1455 1707 παρα-

112 1730 347 1784 κρούονται
373 1731 474 1778 τοὺς
495 1728 719 1783 παρέργως
740 1727 935 1781 ἐνταυθί,
960 1726 1051 1768 ἀλλ’
1079 1726 1159 1768 οὐκ
1180 1724 1455 1775 ἐξεταστικῶς

115 1798 482 1853 ἐκκλησιάζοντας,
513 1799 584 1840 καὶ
615 1800 868 1850 νομίζοντας
899 1799 979 1852 τὴν
1011 1795 1236 1851 παραυτίχ’
1269 1796 1455 1850 ἡσυχίαν

60 1889 93 1914 25
113 1870 199 1912 οὐκ,
237 1868 420 1912 ἔσεσθαί
462 1867 554 1911 ποτ’
604 1871 748 1910 αἰτίαν
791 1875 976 1923 ταραχῆς
1015 1868 1178 1909 ἀτόπου
1219 1866 1453 1921 [μεγάληςᾞ

114 1941 275 1983 κελεύω
303 1940 342 1981 δ’
372 1939 519 1994 ἔγωγε,
545 1940 742 1994 καθάπερ
771 1938 818 1981 ἐν
838 1939 945 1994 ἀρχῇ
967 1946 1190 1992 προεῖπον,
1216 1939 1453 1978 πείθεσθαι

113 2012 285 2061 τούτοις
317 2018 406 2060 τοῖς
439 2011 656 2064 φάσκουσι
691 2011 784 2052 δεῖν
816 2009 863 2052 ἐν
894 2017 986 2059 ταῖς
1012 2015 1178 2057 κοιναῖς
1206 2008 1454 2060 ὁμολογίαις

115 2082 327 2135 ἐμμένειν,
354 2083 389 2123 εἰ
417 2083 472 2136 μὴ
500 2080 639 2123 ἐκεῖνο
665 2083 930 2135 νομίζουσιν,
957 2082 1061 2121 ὅταν
1087 2080 1166 2132 μὲν
1195 2078 1378 2132 λέγωσιν
1398 2078 1454 2126 ὡς

114 2151 369 2206 ἐμμενετέον
395 2160 484 2202 τοῖς
512 2153 668 2206 ὅρκοις,
694 2152 745 2194 οὐ
774 2152 915 2206 λέγειν
942 2151 1099 2200 αὐτοὺς
1126 2151 1173 2191 τὸ
1201 2150 1336 2202 μηδὲν
1363 2148 1454 2189 ἀδι-

59 2229 306 2277 εοκεῖσθαι,
344 2223 502 2265 οὐδένα
541 2223 581 2265 δ7
622 2224 787 2265 οἴονται
827 2225 1140 2275 αἰσθήσεσθαι,
1178 2221 1454 2273 τυραννίδων

1250 2293 1313 2322 1:2³²

1486 605 1524 633 11

1486 1524 1525 1552 13

1484 1949 1522 1977 11
