1689 2531
138 2001 156 2030 ΙΟ

827 624 890 667 ΙΧ

522 720 714 769 ΚΑΤΑ
751 721 1123 771 ΦΙΛΙΠΠΟὙ
1159 722 1202 770 Γ

735 833 989 867 ΤΠΟΘΕΣΙΣ

240 922 360 976 Ἁπλῆ
394 931 462 964 τοῦ
495 925 613 978 λόγου
646 925 786 964 τούτου
812 923 836 975 ἡ
863 924 1071 973 ὑπόθεσις·
1109 925 1308 964 Φιλίππου
1334 924 1407 979 γὰρ
1433 924 1533 981 λόγῳ

187 990 257 1043 μὲν
283 991 445 1042 εἰρήνην
471 989 648 1043 ἄγοντος,
674 990 771 1046 ἔργῳ
800 989 841 1030 δὲ
866 986 976 1029 πόλλ’
1005 989 1249 1040 ἀδικοῦντος,
1276 990 1533 1041 συμβουλεύει

185 1061 266 1103 τοῖς
288 1053 519 1107 Ἀθηναίοις
547 1053 565 1093 ὃ
594 1055 720 1108 ῥήτωρ
747 1055 963 1107 ἀναστῆναι
988 1054 1053 1094 καὶ
1080 1054 1310 1107 ἀμύνασθαι
1335 1055 1403 1094 τὸν
1422 1057 1533 1107 βασι-

184 1121 264 1169 λέα,
291 1120 343 1169 ὡς
368 1122 560 1160 κινδύνου
588 1121 756 1173 μεγάλου
784 1119 848 1159 καὶ
874 1120 1006 1168 αὐτοῖς
1027 1118 1334 1172 ἐπικρεμαμένου
1354 1119 1420 1159 καὶ
1439 1127 1533 1159 πᾶσι

183 1194 297 1242 κοινῇ
324 1191 406 1233 τοῖς
421 1183 621 1238 ’Ἔλλησιμ
1553 1201 1568 1227 ε

245 1282 435 1321 Πολλῶν
456 1276 488 1320 ὦ
510 1279 666 1333 ἄνδρες
681 1276 902 1332 Ἀθηναῖοι
923 1279 1066 1332 λόγων
1085 1276 1359 1332 γιγνομένων
1380 1278 1531 1333 ὀλίγου
1553 1283 1631 1319 110

185 1351 280 1392 δεῖν
307 1347 406 1391 καθ’
434 1348 619 1403 ἑκάστην
645 1347 876 1403 ἐκκλησίαν
902 1350 1000 1403 περὶ
1027 1346 1090 1391 ὧν
1120 1350 1347 1403 Φίλιππος,
1373 1347 1447 1403 ἀφ’
1480 1346 1532 1391 οὗ

183 1422 265 1476 τὴν
297 1423 476 1476 εἰρήνην
510 1419 754 1475 ἐποιήσατο,
787 1420 838 1462 οὐ
870 1421 1008 1473 μόνον
1040 1420 1163 1475 ὑμᾶς,
1195 1419 1303 1461 ἀλλὰ
1334 1420 1406 1461 καὶ
1431 1422 1533 1470 τοὺς

185 1494 343 1542 ἄλλους
377 1492 528 1547 ἀδικεῖ,
560 1492 630 1533 καὶ
663 1491 840 1532 πάντων
867 1487 948 1532 οἶδ’
976 1492 1040 1533 ὅτι
1069 1491 1305 1546 φησάντων
1331 1488 1369 1545 γ’
1396 1491 1463 1546 ἄν,
1495 1493 1531 1533 εἰ

185 1564 257 1605 καὶ
282 1564 340 1618 μὴ
361 1569 539 1604 ποιοῦσι
559 1569 702 1617 τοῦτο,
728 1563 799 1604 καὶ
820 1562 963 1617 λέγειν
984 1563 1078 1604 δεῖν
1104 1563 1174 1604 καὶ
1194 1562 1401 1615 πράττειν
1422 1563 1536 1613 ὅπως
1557 1581 1589 1606 10

188 1633 352 1684 ἐκεῖνος
378 1635 590 1676 παύσεται
616 1639 690 1687 τῆς
717 1633 884 1687 ὕβρεως
910 1634 981 1675 καὶ
1009 1634 1136 1688 δίκην
1157 1634 1300 1688 δώσει,
1326 1635 1386 1683 εἷς
1406 1632 1532 1675 τοῦθ’

184 1705 412 1760 ὑπηγμένα
445 1705 588 1746 πάντα
621 1705 672 1746 τὰ
699 1704 928 1759 πράγματα
954 1705 1025 1746 καὶ
1051 1702 1269 1759 προειμέν’
1296 1704 1396 1759 ὁρῶ,
1428 1704 1538 1746 ὥστε

185 1776 360 1818 δέδοικα
380 1777 437 1830 μὴ
452 1776 719 1830 βλάσφημον
733 1775 813 1828 μὲν
828 1777 978 1829 εἰπεῖν,
994 1775 1155 1830 ἀληθὲς
1171 1775 1235 1817 δέ·
1259 1776 1295 1817 εἰ
1310 1776 1381 1816 καὶ
1397 1776 1540 1829 λέγειν

185 1847 370 1897 ἅπαντες
403 1844 639 1901 ἐβούλονθ’
682 1848 722 1888 οἱ
756 1848 986 1901 παριόντες
1019 1847 1089 1888 καὶ
1121 1853 1389 1902 χειροτονεῖν
1418 1846 1539 1899 ὑμεῖς

185 1917 226 1969 ἐξ
265 1915 328 1960 ὧν
361 1919 416 1968 ὡς
450 1915 684 1973 φαυλότατ’
711 1915 861 1971 ἔμελλε
892 1919 944 1960 τὰ
972 1915 1195 1972 πράγμαθ’
1222 1916 1347 1972 ἕξειν,
1379 1917 1459 1959 οὐκ
1486 1916 1540 1958 ἂν
1562 1934 1593 1959 ι5

187 1990 376 2044 ἡγοῦμαι
403 1989 626 2031 δύνασθαι
652 1995 801 2044 χεῖρον
828 1988 851 2042 ἢ
879 1995 964 2030 νῦν
992 1989 1262 2042 διατεθῆναι.
1298 1988 1439 2030 πολλὰ
1458 1988 1538 2041 μὲν

186 2057 268 2102 οὖν
301 2060 404 2110 ἴσως
437 2058 557 2101 ἐστὶν
590 2060 706 2101 αἴτια
738 2060 919 2114 τούτων,
949 2060 1021 2101 καὶ
1054 2059 1106 2101 οὐ
1133 2056 1232 2113 παρ’
1259 2058 1307 2100 ἓν
1334 2058 1438 2100 οὐδὲ
1465 2056 1531 2100 δύ’

185 2133 245 2180 εἷς
277 2137 407 2173 τοῦτο
440 2131 492 2172 τὰ
525 2128 738 2185 πράγματ’
766 2130 957 2185 ἀφῖκται,
987 2130 1172 2183 μάλιστα
1200 2127 1256 2185 δ’,
1287 2130 1425 2184 ἄνπερ
1453 2127 1537 2180 ἐξε-

183 2199 322 2256 τάζητ’
356 2202 515 2257 ὀρθῶς,
550 2201 755 2255 εὑρήσετε
788 2202 861 2243 διὰ
892 2203 994 2250 τοὺς
1026 2202 1280 2256 χαρίζεσθαι
1312 2203 1480 2253 μᾶλλον
1511 2199 1536 2254 ἢ

181 2273 234 2314 τὰ
277 2272 480 2326 βέλτιστα
524 2271 668 2327 λέγειν
705 2271 1100 2327 προαιρουμένους·
1140 2269 1202 2314 ὧν
1240 2287 1355 2321 τινες
1392 2271 1472 2324 μὲν
1499 2267 1587 2314 ὦεο
