1689 2531
177 103 231 144 33
661 102 1034 136 ΔΗΜΟΣΘΕΝΟΤΣ
1461 103 1521 148 [1v

174 199 406 252 ΛῙεθώνην
437 198 508 239 καὶ
540 197 682 239 πάντα
713 198 793 239 τὸν
824 198 961 239 τόπον
993 203 1152 239 τοῦτον
1178 199 1341 240 οἰκεῖον
1366 198 1524 255 κύκλῳ,

175 270 247 311 καὶ
278 270 417 311 πολλὰ
448 276 537 310 τῶν
568 266 651 321 μετ’
693 267 862 310 ἐκείνου
889 274 974 309 νῦν
1000 269 1142 310 ὄντων
1168 267 1316 310 ἐθνῶν
1342 268 1524 310 αὐτονο-

175 340 371 393 μούμενα
397 340 468 381 καὶ
489 337 685 393 ἐλεύθερ’
712 339 907 393 ὑπῆρχεν
926 338 997 380 καὶ
1018 342 1184 391 μᾶλλον
1203 339 1306 393 ἡμῖν
1327 337 1516 393 ἐβούλετ’

129 424 148 454 5
176 409 292 466 ἔχειν
319 412 486 460 οἰκείως
513 409 538 464 ἢ
560 408 719 466 ’κείνω
760 411 796 451 εἰ
823 411 978 451 τοίνυν
1006 409 1027 451 ὁ
1061 411 1274 459 Φίλιππος
1300 411 1397 452 τότε
1422 409 1524 451 ταύ-

175 498 256 536 την
283 480 379 536 ἔσχε
405 483 485 536 τὴν
510 481 702 535 γνώμην,
730 480 785 529 ὡς
812 480 1002 534 χαλεπὸν
1028 483 1234 532 πολεμεῖν
1261 478 1382 522 ἐστιν
1397 478 1524 534 Ἀθη-
1544 500 1559 525 5

175 555 316 602 ναίοις
357 550 506 607 ἔχουσι
544 548 716 592 τοσαῦτ’
756 549 1078 605 ἐπιτειχίσματα
1109 557 1183 604 τῆς
1216 551 1352 593 αὑτοῦ
1384 551 1525 606 χώρας

175 622 340 678 ἔρημον
371 625 476 665 ὄντα
509 621 765 676 συμμάχων,
799 620 932 663 οὐδὲν
968 620 1022 662 ἂν
1057 618 1120 663 ὧν
1154 622 1257 663 νυνὶ
1291 624 1526 676 πεποίηκεν

176 692 363 749 ἔπραξεν
396 693 500 735 οὐδὲ
532 693 751 746 τοσαύτην
785 691 993 746 ἐκτήσατο
1028 692 1230 745 δύναμιν.
1279 690 1370 734 ἀλλ’
1409 688 1526 735 εἶδεν

178 762 210 807 ὦ
238 766 395 818 ἄνδρες
412 762 637 818 Ἀθηναῖοι
664 769 793 805 τοῦτο
821 766 961 812 καλῶς
989 761 1166 817 ἐκεῖνος,
1193 763 1259 805 ὅτι
1285 769 1421 805 ταῦτα
1446 763 1527 816 μέν

177 835 297 878 ἐστιν
333 836 502 877 ἅπαντα
537 835 589 876 τὰ
621 832 741 889 χωρί’
784 831 902 876 ἆθλα
937 840 1016 876 τοῦ
1051 833 1243 887 πολέμου
1279 832 1437 887 κείμεν’
1479 833 1528 876 ἐν
1548 854 1581 880 10

177 907 311 964 μέσῳ,
343 907 474 961 φύσει
508 904 544 947 δ’
582 905 766 960 ὑπάρχει
792 912 882 955 τοῖς
908 911 1097 959 παροῦσι
1122 906 1174 947 τὰ
1200 913 1288 947 τῶν
1313 905 1528 957 ἀπόντων,

177 979 248 1020 καὶ
281 985 371 1027 τοῖς
405 976 612 1019 ἐθέλουσι
645 983 800 1018 πονεῖν
832 976 904 1018 καὶ
931 977 1213 1018 κινδυνεύειν
1238 977 1291 1018 τὰ
1315 983 1404 1018 τῶν
1429 975 1529 1029 ἀμε-

133 1063 151 1093 6
180 1038 393 1090 λούντωνζ
421 1048 492 1089 καὶ
512 1048 594 1102 γάρ
616 1063 683 1089 τοι
703 1047 837 1104 ταύτῃ
858 1047 1127 1102 χρησάμενος
1147 1054 1198 1103 τῇ
1218 1047 1368 1105 γνώμῃ
1388 1046 1529 1089 πάντα

179 1119 494 1173 κατέστραπται
520 1119 592 1159 καὶ
618 1116 717 1173 ἔχει,
742 1118 794 1159 τὰ
818 1118 898 1170 μὲν
925 1118 980 1168 ὡς
1002 1117 1056 1159 ἂν
1077 1117 1188 1160 ἑλών
1207 1134 1271 1168 τις
1299 1116 1426 1173 [ἔχοι]
1452 1132 1529 1160 πο-

180 1191 311 1246 λε’μῳ,
345 1190 397 1232 τὰ
429 1190 477 1231 δὲ
511 1190 711 1244 σύμμαχα
743 1190 815 1230 καὶ
848 1190 954 1242 φίλα
986 1189 1307 1244 ποιησάμενος·
1344 1189 1416 1230 καὶ
1446 1189 1528 1243 γὰρ
1550 1193 1599 1229 42

180 1269 421 1316 συμμαχεῖν
458 1252 541 1302 καῖ’
570 1260 801 1315 προσέχειν
837 1262 914 1302 τὸν
946 1265 1058 1302 νοῦν
1089 1260 1260 1310 τούτοις
1296 1258 1531 1302 ἐθέλουσιν
1551 1279 1583 1304 1⁶

181 1334 384 1387 ἅπαντες,
416 1332 492 1382 οὓς
520 1331 574 1373 ἂν
601 1332 736 1386 ὁρῶσι
763 1330 1200 1386 παρεσκευασμένους
1227 1331 1298 1373 καὶ
1324 1330 1531 1386 πράττειν

134 1418 152 1448 7
181 1403 414 1453 ἐθέλοντας
436 1403 461 1445 ἃ
481 1405 574 1459 χρή.
607 1402 662 1444 ἂν
681 1404 836 1444 τοίνυν
856 1399 888 1443 ὦ
911 1400 1298 1457 ἄνδρεςἈθηναῖοι
1318 1402 1390 1444 καὶ
1408 1401 1530 1454 ὑμεῖς

181 1475 251 1517 ἐπὶ
276 1481 350 1529 τῆς
376 1475 578 1528 τοιαύτης
606 1472 845 1528 ἐθελήσητε
871 1473 1082 1527 γενέσθαι
1102 1473 1276 1527 γνώμης
1295 1479 1394 1528 νῦν,
1419 1471 1531 1514 ἐπει-

181 1548 317 1601 δήπερ
339 1545 390 1588 οὐ
411 1547 640 1600 πρότερον,
659 1545 730 1586 καὶ
751 1544 928 1594 ἕκαστος
948 1544 1085 1599 ὑμῶν,
1111 1541 1162 1586 οὗ
1185 1544 1252 1585 δεῖ
1270 1545 1342 1586 καὶ
1363 1541 1526 1586 δύναιτ’
1551 1562 1585 1587 20

182 1617 236 1660 ἂν
271 1623 511 1672 παρασχεῖν
545 1615 682 1658 αὑτὸν
716 1618 931 1671 χρήσιμον
964 1622 1016 1671 τῇ
1051 1616 1193 1670 πόλει,
1227 1620 1372 1656 πᾶσαν
1407 1614 1532 1669 ἀφεις

184 1688 304 1744 [τὴν]
332 1688 560 1742 εἰρωνείαν
586 1702 756 1740 ετοιμος
776 1687 983 1741 πράττειν
1003 1685 1228 1743 ὑπάρξῃ(
1212 1702 1233 1727 0
1254 1686 1335 1738 μὲν
1354 1683 1527 1741 χρήματ’

181 1748 293 1815 ἔχων
320 1758 553 1814 εἰσφέρειν,
579 1758 600 1800 ὁ
623 1756 659 1799 δ’
688 1756 735 1799 ἐν
756 1759 902 1815 ηλικία
922 1757 1532 1812 στρατεύεσθαι-συνελόντι

183 1829 220 1873 δ’
253 1829 450 1884 ἁπλῶς,
437 1840 491 1871 αν
516 1829 640 1882 ὑμῶν
668 1829 814 1870 αὐτῶν
841 1827 1077 1883 ἐθελήσητε
1103 1827 1314 1882 γενέσθαι
1333 1828 1405 1870 καὶ
1424 1828 1533 1869 παύ-

184 1899 314 1956 σησθ’
353 1901 483 1950 αὐτὸς
518 1901 598 1953 μὲν
631 1900 764 1942 οὐδὲν
796 1899 975 1950 ἕκαστος
1001 1901 1202 1953 ποιήσειν
1229 1897 1424 1954 ἐλπίζων,
1455 1900 1533 1941 τὸν
1553 1915 1585 1942 25

184 1973 232 2015 δὲ
264 1974 452 2026 πλησίον
484 1969 619 2013 πάνθ’
657 1971 766 2026 ὑπὲρ
801 1971 937 2013 αὐτοῦ
964 1970 1160 2025 πράξειν,
1184 1970 1256 2012 καὶ
1281 1970 1333 2012 τὰ
1358 1967 1527 2023 ὑμέτερ’

184 2044 330 2086 αὐτῶν
350 2040 584 2097 κομιεῖσθ’,
611 2042 664 2084 ἂν
685 2043 789 2092 θεὸς
809 2042 932 2100 θέλῃ,
951 2042 1022 2083 καὶ
1043 2042 1094 2083 τὰ
1114 2039 1534 2098 κατερρᾳθυμημένα

139 2126 159 2157 8
187 2115 320 2157 πάλιν
352 2114 653 2168 ἀναλήψεσθε,
685 2113 889 2155 κάκεῖνον
920 2114 1236 2167 τιμωρήσεσθε.
1272 2112 1329 2166 μὴ
1361 2111 1444 2165 γὰρ
1476 2110 1532 2160 ὡς

185 2191 277 2243 θεῷ
311 2183 493 2239 νομίζετ’
536 2184 686 2242 ἐκείνῳ
722 2185 774 2226 τὰ
809 2185 1006 2239 παρόντα
1040 2182 1281 2238 πεπηγέναι
1314 2179 1527 2236 πράγματ’

1408 2249 1424 2256 .-

186 2257 406 2311 ἀθάνατα,
437 2256 546 2298 ἀλλὰ
577 2257 649 2298 καὶ
681 2262 797 2309 μισεῖ
821 2271 885 2305 τις
919 2253 1088 2297 ἐκεῖνον
1119 2254 1191 2296 καὶ
1223 2252 1368 2295 δέδιεν
1400 2256 1432 2293 ὠ
1459 2252 1532 2294 ἄν-
1554 2269 1587 2295 ³0
