1689 2531
232 109 286 151 70
748 109 1049 142 ΗΓΗΣΙΠΠΟΤ
1495 109 1572 155 [vn

224 207 244 248 ὁ
271 209 338 248 τὸν
358 209 475 260 λόγον
493 206 698 260 γεγραφὼς
718 205 998 258 ἀπενηνοχέναι
1019 206 1178 259 γραφὴν
1199 207 1452 260 παρανόμων,
1479 208 1571 257 φαί-

225 288 332 312 νεται
357 269 393 312 δ’
423 272 493 324 οὐχ
520 272 539 312 ὁ
567 271 845 323 Δημοσθένης,
871 267 954 310 ἀλλ’
978 267 1258 324 ὁ“Ηγήσιππος
1283 271 1355 323 τὴν
1381 271 1477 311 κατὰ
1502 278 1572 312 τοῦ

175 347 195 377 4
222 339 455 377 Καλλίππου
481 337 641 390 γραφὴν
667 336 962 388 ἐνστησάμενος.
996 336 1045 386 νὴ
1066 337 1156 387 Δία,
1183 332 1266 375 ἀλλ’
1297 335 1317 375 ὃ
1343 337 1456 390 λόγος
1475 349 1572 389 συμ-

226 403 404 454 βουλεύει
436 402 523 455 περὶ
555 399 884 454 τῆςζΛλοννήσου
916 406 996 449 τοῖς
1018 398 1249 452 Ἀθηναίοις
1276 401 1327 453 μὴ
1360 403 1573 454 λαμβάνειν

226 468 362 518 αὐτήν,
385 465 468 507 ἀλλ’
493 467 800 519 ἀπολαμβάνειν,
826 466 890 505 καὶ
911 466 1133 518 διαφέρεται
1154 466 1239 518 περὶ
1259 473 1336 506 τῶν
1356 465 1573 518 ὀνομάτων,
1594 481 1608 507 5

114 549 206 573 11133
227 539 346 572 ταῦτα
368 530 405 572 δ’
423 533 612 584 Αἰσχίνης
633 531 732 582 φησὶ
751 531 818 571 τὸν
833 531 1074 583 Δημοσθένη
1095 531 1475 583 συμβεβουλευκέναι
1494 536 1574 579 τοῖς

114 803 157 827 lx
174 804 204 827 72

223 595 462 648 Ἀθηναίοις.
496 594 575 636 εἶτα
601 598 638 636 τί
660 603 792 644 τοῦτο;
822 597 985 636 δύναται
1004 596 1076 650 γὰρ
1096 596 1168 647 τὴν
1188 596 1312 646 αὐτὴν
1331 601 1575 648 πεποιῆσθαι

227 663 456 714 συμβουλὴν
488 662 553 702 καὶ
580 661 845 713 Δημοσθένης
876 661 940 701 καὶ
962 658 1218 715 Ἱῑῖγήσιππος,
1249 661 1330 701 ἐπεὶ
1361 661 1426 701 καὶ
1457 660 1574 701 τᾶλλα

227 735 294 780 τῆς
321 728 443 779 αὐτῆς
468 724 570 780 ἦσαν
596 727 637 766 ἐν
664 733 709 782 τῇ
737 728 908 782 πολιτείᾳ
933 726 1192 779 προαιρέσεως
1212 725 1277 765 καὶ
1296 730 1376 774 τοῖς
1396 727 1573 777 φιλιππί-

230 794 338 839 ζουσι
358 800 435 832 τῶν
455 793 632 845 ῥητόρων
652 791 869 844 ἀντέλεγον,
890 791 955 831 καὶ
976 791 1164 843 μέμνηται
1184 791 1249 830 καὶ
1271 790 1290 830 ὅ
1309 791 1574 843 Δημοσθένης
1596 807 1628 832 10

226 865 294 897 τοῦ
315 854 565 910 εΗγησίππου
593 857 644 905 ὡς
669 857 734 896 καὶ
760 859 1069 909 πρεσβεύσαντος
1095 853 1186 908 μεθ’
1210 856 1350 896 ἑαυτοῦ
1377 855 1443 896 καὶ
1467 856 1574 896 ἀντι-

180 934 198 963 5
226 922 436 975 ταχθέντος
462 927 512 978 τῷ
535 923 756 963 Μακεδόνι.
791 924 910 974 δῆλον
937 917 1009 962 οὗν
1036 922 1094 962 ὅτι
1121 920 1140 961 ὁ
1168 920 1237 973 μὲν
1269 928 1337 961 τοῦ
1364 921 1574 973 Δημοσθέ-

225 1003 321 1035 νους
347 988 460 1040 λόγος
487 987 506 1027 ὅ
532 987 618 1039 περὶ
645 986 968 1039 τῆςἉλοννήσου
995 987 1134 1040 ῥηθεὶς
1161 987 1207 1026 οὐ
1229 985 1396 1043 σῴζεται,
1423 985 1574 1026 ἐκείνου

226 1049 262 1092 δ’
281 1054 353 1093 οὐκ
375 1053 485 1100 ὄντος
504 1053 571 1092 τὸν
591 1052 801 1105 εὑρεθέντα
821 1052 1066 1105 προσέθεσαν
1083 1052 1199 1108 αὐτῷ,
1219 1051 1406 1104 ἀφορμὴν
1426 1051 1574 1103 ἔχοντες

225 1118 266 1158 τὸ
298 1118 386 1170 περὶ
408 1114 647 1169 Ἁλοννήσου
680 1118 798 1170 λόγον
831 1119 1014 1169 εἰρῆσθαι
1039 1121 1092 1172 τῷ
1117 1118 1264 1169 ῥήτορι,
1297 1115 1425 1156 οὐκέτι
1451 1112 1486 1156 δ’
1516 1116 1574 1165 ἐξ-
1596 1133 1627 1158 15

224 1184 417 1231 ετάζοντες
443 1184 478 1223 εἰ
501 1190 639 1223 τοῦτον
665 1184 767 1230 εἰκὸς
792 1180 893 1222 εἶναι
917 1183 984 1222 τὸν
1010 1182 1171 1222 ἐκείνου.

277 1264 333 1312 Ὦ
372 1270 528 1323 ἄνδρες
560 1270 797 1325 Ἀθηναῖοι,
835 1270 915 1312 οὐκ
953 1267 1074 1311 ἔστιν
1114 1270 1228 1318 ὅπως
1267 1270 1309 1310 αἱ
1343 1269 1489 1323 αἰτίαι,
1526 1268 1575 1318 ἃς

229 1343 445 1391 Φίλιππος
484 1343 671 1383 αἰτιᾶται
709 1343 811 1391 τοὺς
848 1341 957 1393 ὑπὲρ
992 1348 1078 1382 τῶν
1112 1342 1294 1383 δικαίων
1325 1340 1433 1394 πρὸς
1464 1339 1574 1392 ὑμᾶς

227 1411 445 1467 λέγοντας,
477 1413 726 1454 κωλύσουσι
759 1413 1037 1466 συμβούλους
1069 1413 1178 1465 ἡμᾶς
1204 1413 1439 1466 γίγνεσθαι
1464 1410 1573 1465 ὑπὲρ

226 1490 314 1525 τῶν
346 1483 452 1535 ὑμῖν
479 1485 814 1538 συμφερόντων·
847 1484 996 1525 δεινὸν
1022 1484 1104 1537 γὰρ
1134 1482 1187 1524 ἂν
1204 1483 1206 1486 ’
1226 1482 1305 1537 εἴη,
1337 1483 1373 1524 εἰ
1399 1483 1480 1537 τὴν
1506 1480 1575 1523 ἐπὶ
1599 1486 1642 1520 77

226 1560 304 1596 τοῦ
350 1556 540 1608 βήματος
584 1555 832 1608 παρρησίαν
877 1555 919 1596 αἱ
958 1551 1057 1608 παρ’
1097 1552 1265 1595 ἐκείνου
1305 1554 1575 1606 πεμπόμεναι
1596 1572 1626 1596 21

226 1624 449 1667 ἐπιστολαὶ
494 1624 704 1667 ἀνέλοιεν.
757 1623 839 1679 ἐγὼ
880 1623 916 1666 δ’
948 1625 1054 1676 ὑμῖν
1093 1621 1124 1665 ὦ
1165 1625 1321 1679 ἄνδρες
1349 1621 1575 1678 Ἀθηναῖοι

225 1696 440 1750 βούλομαι
479 1703 655 1752 πρῶτον
701 1696 781 1749 μὲν
819 1696 917 1750 περὶ
956 1693 1018 1737 ὧν
1056 1698 1270 1745 Φίλιππος
1304 1693 1575 1750 ἐπέσταλκεν,

225 1768 324 1821 περὶ
344 1768 514 1809 τούτων
535 1767 797 1818 διεξελθεῖν·
823 1767 1010 1821 ὕστερον
1031 1766 1090 1822 δέ,
1109 1767 1208 1821 περὶ
1229 1763 1291 1808 ὧν
1312 1767 1352 1808 οἱ
1372 1765 1574 1821 πρέσβεις

228 1838 417 1893 λέγουσι,
442 1839 514 1880 καὶ
540 1839 659 1893 ἡμεῖς
687 1837 875 1890 λέξομεν.
1594 1854 1627 1880 25

178 1921 197 1952 2
288 1911 502 1959 Φίλιππος
528 1910 611 1964 γὰρ
639 1911 813 1965 ἄρχεται
840 1909 920 1962 μὲν
945 1909 1043 1963 περὶ
1060 1907 1325 1962 Ἁλοννήσου
1353 1908 1492 1963 λέγων
1518 1909 1574 1959 ὡς

227 1981 332 2034 ὑμῖν
367 1981 550 2022 δίδωσιν
583 1979 740 2022 ἑαυτοῦ
769 1977 926 2035 οὖσαν,
956 1980 1066 2033 ὑμᾶς
1095 1978 1130 2021 δ’
1164 1980 1216 2022 οὔ
1241 1990 1378 2034 φησιν
1399 1980 1574 2030 δικαίως

227 2052 363 2094 αὐτὸν
401 2051 617 2093 ἀπαιτεῖν·
656 2052 708 2094 οὐ
746 2052 829 2106 γὰρ
868 2051 1082 2105 ὑμετέραν
1120 2048 1259 2093 οὖσαν
1291 2051 1391 2092 οὔτε
1424 2053 1575 2105 λαβεῖν

227 2123 328 2164 οὔτε
372 2129 458 2164 νῦν
495 2121 622 2178 ἔχειν.
674 2121 822 2176 ἔλεγεν
862 2123 909 2164 δὲ
947 2122 1019 2163 καὶ
1056 2123 1163 2176 πρὸς
1201 2122 1310 2176 ἡμᾶς
1347 2122 1574 2172 τοιούτους

228 2195 398 2248 λόγους,
425 2195 496 2236 ὅτε
522 2194 629 2249 πρὸς
657 2193 792 2235 αὐτὸν
819 2191 1182 2248 ἐπρεσβεύσαμεν,
1209 2192 1264 2242 ὡς
1293 2193 1449 2250 λῃστὰς
1469 2191 1574 2247 ἀφε-
1595 2209 1627 2235 3ο

229 2266 409 2318 λόμενος
453 2265 616 2319 ταύτην
660 2265 740 2319 τὴν
783 2270 922 2318 νῆσον
965 2265 1182 2318 κτήσαιτο,
1224 2263 1296 2304 καὶ
1336 2265 1574 2318 προσήκειν
