1653 2521
155 77 186 123 1]
640 77 962 111 οΛΤΝΘΙΑΚοΣ
987 76 1018 109 A
1470 76 1493 117 γ

155 188 225 222 τοῦ
251 181 387 232 φιλίαν
412 180 676 232 ἔσπεισμένοις
701 180 870 232 πόλεμον
894 180 1117 233 ἐπήνεγκεν.
1143 181 1185 219 οἵ
1206 179 1247 220 δὲ
1269 179 1496 232 πεπόμφασι

156 246 335 300 πρέσβεις
358 245 414 293 εἰς
435 242 610 297 Ἀθήνας
635 245 721 298 περὶ
746 246 951 298 βοηθείας,
976 241 1035 293 οἷς
1062 243 1082 285 ὅ
1109 244 1374 297 Δημοσθένης
1402 257 1496 284 συν-

157 311 345 364 αγορεύει,
359 312 526 362 βοηθεῖν
540 312 707 350 κελεύων
721 315 802 357 τοῖς
814 306 1047 358 Ὀλυνθίοις.
1073 311 1141 350 καί
1158 322 1257 362 φησι
1275 310 1347 361 τὴν
1363 307 1496 350 Ὀλυν-

157 376 260 415 θίων
292 377 486 429 σωτηρίαν
517 374 734 426 ἀσφάλειαν
765 382 842 414 τῶν
869 371 1096 426 Ἀθηναίων
1120 372 1236 415 εἶναι·
1268 374 1497 431 σῳζομένων

123 450 137 475 5
157 440 229 493 γὰρ
249 447 326 480 τῶν
345 438 566 480 Ὀλυνθίων
586 436 776 479 οὐδέποθ’
800 441 906 491 ἥξειν
925 440 980 488 εἰς
999 440 1070 491 τὴν
1085 436 1262 491 Ἀττικὴν
1286 441 1497 489 Φίλιππον,

158 504 253 544 ἀλλὰ
283 510 363 553 τοῖς
384 503 614 557 Ἀθηναίοις
639 504 820 552 ἐξουσίαν
845 505 1003 544 ἔσεσθαι
1033 509 1144 544 πλεῖν
1175 504 1237 544 ἐπὶ
1263 504 1334 556 τὴν
1360 507 1498 544 Μακε-

115 574 138 609 8
160 571 296 610 δονίαν
321 569 437 610 κάκεῖ
454 574 653 609 ποιεῖσθαι
670 566 672 623 1
691 570 758 610 τὸν
783 569 968 621 πόλεμον·
1000 570 1036 610 εί
1059 566 1094 610 δ’
1127 569 1200 609 ὑπὸ
1230 570 1412 624 Φιλίππῳ
1437 568 1498 622 γέ-

157 631 266 674 νοιθ’
295 633 320 686 ἡ
352 635 463 682 πόλις
497 635 617 685 αὕτη,
651 634 833 674 ἀνεῖσθαι
857 634 929 685 τὴν
954 634 1017 674 ἐπὶ
1042 635 1109 683 τὰς
1130 631 1306 686 Ἀθήνας
1335 632 1429 675 ὁδὸν
1454 638 1504 688 τῷ

159 702 317 751 βασιλεῖ.
357 699 456 751 φησὶ
490 698 531 739 δὲ
564 700 763 752 δύσμαχον
795 696 895 739 εἶναι
926 699 993 739 τὸν
1022 701 1221 739 Φίλιππον
1253 699 1322 751 οὐχ
1350 698 1401 747 ὡς
1426 698 1500 738 ὑπ-

109 781 141 806 10
161 766 347 816 είληπται,
372 765 587 817 θαρσύνων
613 761 674 803 ἐπ’
697 764 816 804 αὐτὸν
841 764 932 812 τοὺς
954 761 1205 816 Ἀθηναίους.

220 831 434 869 Διείλεκται
466 828 507 868 δὲ
538 829 603 868 καὶ
634 829 719 881 περὶ
749 836 826 869 τῶν
852 830 1051 881 δημοσίων
1076 830 1295 882 χρημάτων,
1328 831 1500 881 συμβου-
1522 839 1543 869 4

161 895 284 934 λεύων
311 894 409 934 αὐτὰ
433 901 595 946 ποιῆσαι
621 894 870 946 στρατιωτικὰ
896 894 981 934 ἀντὶ
1002 899 1215 948 θεωρικῶν.
1251 894 1317 934 καὶ
1342 895 1383 935 τὸ
1409 894 1502 941 ἔθος

162 960 210 999 οὐ
234 960 433 1012 πρόδηλον
460 958 518 1011 ὄν,
544 953 573 1014 ᾧ
596 955 763 1012 ἐχρῶνθ’
787 961 827 998 οἱ
848 955 1071 1011 Ἀθηναῖοι,
1097 959 1248 1012 ἀνάγκη
1275 960 1502 1011 σαφηνίσαι.

163 1024 235 1064 οὐκ
261 1023 373 1071 ὄντος
398 1025 439 1065 τὸ
466 1024 632 1063 παλαιὸν
653 1025 822 1077 θεάτρου
849 1025 1007 1064 λιθίνου
1029 1020 1121 1078 παρ’
1145 1024 1291 1074 αὐτοῖς,
1317 1024 1412 1063 ἀλλὰ
1438 1026 1503 1072 ξυ-

111 1105 143 1131 15
163 1090 282 1129 λίνων
308 1088 650 1142 συμπηγνυμένων
677 1090 824 1142 ἰκρίων,
851 1089 916 1128 καὶ
935 1090 1093 1129 πάντων
1112 1090 1423 1141 καταλαμβάνειν
1443 1088 1504 1127 τό-

162 1169 240 1193 πον
266 1154 528 1205 σπευδόντων,
559 1155 707 1207 πληγαί
735 1150 767 1193 τ’
797 1153 970 1207 ἐγίνοντο
998 1155 1066 1194 καί
1095 1170 1172 1193 που
1204 1154 1269 1193 καὶ
1294 1155 1503 1206 τραύματα.

164 1225 276 1259 τοῦτο
290 1222 460 1258 κωλῦσαι
479 1218 740 1271 βουληθέντες
755 1220 796 1258 οἵ
811 1226 1043 1272 προεστῶτες
1063 1226 1140 1259 τῶν
1157 1216 1383 1271 Ἀθηναίων
1403 1217 1504 1270 ὠνη-

164 1284 255 1331 τοὺς
291 1283 524 1334 ἐποιήσαντο
561 1283 652 1331 τοὺς
689 1284 852 1334 τόπους,
896 1284 961 1323 καὶ
999 1283 1160 1324 ἕκαστον
1198 1285 1274 1323 ἔδει
1313 1281 1503 1337 [διδόναι]

166 1347 235 1388 δύ’
265 1347 427 1400 ὀβολοὺς
459 1348 724 1400 καταβαλόντα
755 1348 855 1388 θέαν
887 1349 994 1401 ἔχειν.
1038 1350 1101 1388 ἴνα
1128 1348 1169 1389 δὲ
1195 1350 1247 1401 μὴ
1275 1350 1442 1388 δοκῶσιν
1468 1349 1508 1388 οἱ

112 1429 146 1454 20
164 1413 324 1465 πένητες
350 1418 402 1468 τῷ
428 1413 650 1464 ἀναλώματι
676 1417 900 1462 λυπεῖσθαι,
926 1414 967 1453 ἐκ
992 1421 1060 1453 τοῦ
1082 1415 1274 1466 δημοσίου
1295 1414 1506 1465 λαμβάνειν

165 1477 326 1518 ἕκαστον
352 1478 497 1530 ἐτάχθη
522 1479 614 1525 τοὺς
640 1476 706 1518 δύ’
730 1477 906 1530 ὀβολούς.
943 1478 1126 1519 ἐντεῦθεν
1153 1478 1222 1531 μὲν
1248 1474 1321 1518 οὖν
1345 1479 1387 1518 τὸ
1414 1479 1507 1525 ἔθος

164 1542 319 1595 ἤρξατο,
344 1547 519 1595 προῆλθε
540 1539 578 1582 δ’
599 1544 653 1591 εἰς
679 1549 805 1595 τοῦτο,
833 1541 921 1583 ὥστ’
939 1544 1011 1583 οὐκ
1031 1544 1084 1591 εἰς
1106 1544 1196 1591 τοὺς
1221 1544 1365 1591 τόπους
1386 1543 1508 1595 μόνον

167 1608 399 1660 ἐλάμβανον,
425 1604 507 1647 ἀλλ’
525 1608 657 1655 ἁπλῶς
677 1609 804 1647 πάντα
824 1609 868 1647 τὰ
890 1609 1058 1660 δημόσια
1077 1609 1253 1663 χρήματα
1274 1608 1506 1659 διενέμοντο.

169 1673 265 1713 ὅθεν
290 1673 355 1712 καὶ
380 1673 467 1725 περὶ
491 1672 558 1720 τὰς
584 1675 779 1725 στρατείας
805 1672 967 1726 ὀκνηροὶ
998 1673 1245 1724 κατέστησαν.
1290 1674 1409 1712 πάλαι
1439 1672 1508 1724 μὲν
1529 1682 1548 1713 5

115 1753 147 1779 25
167 1738 239 1791 γὰρ
266 1738 559 1791 στρατευόμενοι
590 1738 736 1789 μισθὸν
769 1738 874 1790 παρὰ
902 1745 970 1790 τῆς
995 1739 1141 1786 πόλεως
1168 1738 1399 1790 ἐλάμβανον,
1427 1738 1507 1777 τότε

171 1799 207 1843 δ’
224 1803 266 1843 ἐν
286 1807 368 1849 ταῖς
388 1804 572 1855 θεωρίαις
598 1803 663 1842 καὶ
689 1808 770 1850 ταῖς
796 1803 944 1855 ἑορταῖς
969 1804 1070 1843 οἷ’κοὶ
1090 1802 1268 1855 μένοντες
1289 1802 1508 1854 διενέμοντο

170 1867 213 1906 τὰ
239 1867 430 1920 χρήματα·
457 1864 582 1907 οὐκέτ’
607 1863 680 1907 οὗν
705 1867 852 1919 ἤθελον
878 1867 1017 1915 ἐξιέναι
1042 1868 1107 1907 καὶ
1132 1869 1390 1919 κινδυνεύειν,
1417 1867 1509 1906 ἀλλὰ

170 1932 235 1972 καὶ
260 1933 383 1983 νόμον
409 1932 545 1972 ἔθεντο
571 1932 658 1985 περὶ
683 1939 760 1972 τῶν
786 1937 990 1986 θεωρικῶν
1014 1934 1162 1972 τούτων
1189 1934 1407 1985 χρημάτων,
1434 1932 1510 1970 θά-

172 2012 289 2036 νατον
321 1996 552 2036 ἀπειλοῦντα
583 2001 634 2053 τῷ
664 1998 860 2049 γράψαντι
892 1999 1153 2049 μετατεθῆναί
1179 1994 1211 2037 τ’
1241 1994 1326 2036 αὕτ’
1355 1998 1409 2044 εἰς
1440 1997 1511 2048 τὴν

120 2077 154 2102 30
173 2061 337 2114 ἀρχαίαν
363 2062 470 2109 τάξιν
495 2061 559 2100 καὶ
585 2061 766 2114 γενέσθαι
794 2063 1052 2115 στρατιωτικά.
1085 2063 1145 2102 διὸ
1166 2062 1428 2114 Δημοσθένης
1448 2062 1511 2101 εὐ-

173 2128 300 2178 λαβῶς
331 2127 489 2166 ἅπτεται
520 2133 588 2178 τῆς
619 2127 706 2179 περὶ
737 2128 876 2166 τούτου
904 2129 1141 2179 συμβουλῆς,
1173 2127 1237 2167 καὶ
1263 2126 1512 2179 ὑπερωτήσας

131 2192 154 2227 9
174 2191 312 2231 ἑαυτὸν
344 2191 400 2230 ὅτι
427 2191 501 2242 ,,σὺ
533 2192 696 2244 γράφεις
728 2187 834 2230 ταῦτ’
863 2188 962 2231 εἶναι
994 2187 1316 2245 στρατιωτικά;“1
1339 2191 1512 2244 ἐπιφέρει

175 2255 254 2308 ,,μὰ
274 2252 344 2295 Δί’
367 2256 440 2295 οὐκ
465 2254 621 2309 ἕγωγειί.
658 2263 777 2295 ταῦτα
802 2255 872 2307 μὲν
896 2256 982 2308 περὶ
1008 2263 1084 2295 τῶν
1110 2261 1323 2310 θεωρικῶν.
