1689 2531
199 101 280 142 164
684 101 1058 134 ΔΗΜΟΣΘΕΝΟΎΣ
1452 101 1538 145 [x1v

122 209 166 240 10
192 199 367 246 πλείους
392 195 605 251 ὑπάρχειν
624 198 794 248 νομίζω.
831 197 909 237 τὸν
928 196 1008 248 μὲν
1029 197 1082 250 δὴ
1101 197 1293 249 πόλεμον
1313 197 1386 238 διὰ
1403 202 1540 238 ταῦτα

193 275 390 322 παραινῶ
418 265 515 321 μηδ’
549 266 591 317 ἐξ
619 266 714 316 ἑνὸς
741 268 905 321 τρόπου
933 267 1170 321 προτέρους
1196 267 1445 322 ἀνελέσθαι,
1471 267 1540 310 ἐπὶ

194 339 242 380 δὲ
273 340 352 380 τὸν
384 336 510 393 ἀγῶν’
555 338 700 392 ὀρθῶς
729 354 838 392 φημι
870 338 1303 392 παρεσκευασμένους
1328 337 1541 394 ὑπάρχειν

193 416 362 465 χρῆναι.
413 411 449 451 εἰ
481 410 561 462 μὲν
594 406 676 451 οὖν
708 408 852 463 ἕτερός
884 425 947 458 τις
979 411 1138 461 τρόπος
1169 406 1225 463 ἦν
1256 409 1481 462 δυνάμεως
1513 404 1546 465 ᾧ

193 483 295 530 τοὺς
327 481 576 534 βαρβάρους
610 474 706 521 οἷόν
731 477 765 521 τ’
797 478 852 534 ἧν
879 479 1145 534 ἀμύνασθαι,
1176 479 1320 533 ἕτερος
1348 480 1398 522 δέ
1422 496 1485 530 τις
1511 475 1575 535 ᾧὸ

195 554 296 601 τοὺς
325 550 550 606 ’Έλληνας,
584 552 756 600 εἰκότως
793 550 847 592 ἂν
882 551 984 600 ἴσως
1017 552 1202 605 φανεροὶ
1233 552 1341 605 πρὸς
1374 550 1543 594 ἐκεῖνον

127 636 168 666 11
197 620 446 677 ἐγιγνόμεθ’
485 622 854 674 ἀντιταττόμενοι·
905 620 996 663 ἐπεὶ
1024 622 1071 663 δὲ
1097 622 1234 676 πάσης
1262 621 1380 664 ἐστὶν
1406 637 1543 677 παρα-

197 700 351 747 σκευῆς
379 693 400 735 ὁ
428 693 558 742 αὐτὸς
584 694 742 747 τρόπος
768 693 839 734 καὶ
867 694 933 734 δεῖ
957 691 1075 734 ταῦτ’
1102 689 1214 735 εἶναι
1234 693 1449 748 κεφάλαια
1467 700 1543 748 τῆς

198 765 435 818 δυνάμεως,
460 766 562 814 τοὺς
584 762 772 819 ἐχθροὺς
793 763 878 816 ἀμύ
893 768 1058 806 νασθαι
1080 765 1314 820 δύνασθαι,
1333 771 1422 814 τοῖς
1443 762 1542 807 οὖσι
1563 768 1635 802 181

199 836 438 890 συμμάχοις
464 837 663 889 βοηθεῖν,
688 836 740 876 τὰ
765 833 999 890 ὑπάρχοντ’
1026 834 1174 889 ἀγαθὰ
1195 833 1356 893 σῴζειν,
1380 837 1424 878 τί
1440 838 1543 886 τοὺς
1563 853 1597 878 10

86 920 142 945 xv
157 921 172 945 e
198 906 574 960 ὁμολογουμένους
597 905 783 961 ἐχθροὺς
803 904 974 961 ἔχοντες
995 905 1167 959 ἑτέρους
1189 909 1415 961 ζητοῦμεν;
1436 906 1544 949 ἀλλὰ

198 978 631 1031 παρασκευασώμεθα
674 978 754 1029 μὲν
797 978 905 1031 πρὸς
949 977 1122 1032 αὐτούς,
1165 977 1453 1030 ἀμυνούμεθα
1497 978 1545 1020 ὀέ

129 1063 170 1092 12
198 1048 413 1103 κάκεῖνον,
439 1047 493 1090 ἂν
519 1049 627 1102 ἡμᾶς
654 1048 822 1090 ἀδικεῖν
843 1047 1046 1104 ἐπιχειρῇ.
1083 1049 1155 1090 καὶ
1174 1055 1260 1090 νῦν
1279 1049 1359 1101 μὲν
1378 1053 1545 1092 καλεῖτε

198 1121 305 1173 πρὸς
337 1117 446 1172 ὑμᾶς
478 1119 637 1169 αὐτοὺς
669 1122 771 1169 τοὺς
793 1118 1023 1174 “Έλληνας·
1075 1119 1128 1161 ἂν
1161 1117 1198 1161 δ’
1237 1120 1262 1162 ἃ
1288 1121 1545 1163 κελεύουσιν

200 1188 321 1233 οὗτοι
356 1192 412 1245 μὴ
448 1197 610 1245 ποιῆτε,
645 1190 724 1246 οὐχ
758 1190 894 1245 ἡδέως
928 1189 1058 1232 ἐνίων
1088 1189 1192 1243 ὑμῖν
1225 1190 1426 1246 ἐχόντων,
1457 1199 1546 1242 πῶς
1566 1207 1599 1233 15

200 1263 279 1317 χρὴ
315 1263 567 1315 προσδοκᾶν
595 1260 676 1303 τιν’
707 1260 1057 1314 ὑπακούσεσθαι;
1082 1263 1174 1317 ,,ὅτι
1208 1264 1262 1317 νὴ
1298 1260 1373 1304 Δί’
1409 1262 1547 1356 ίἀκού-

201 1344 352 1374 σονται
379 1330 476 1386 παρ’
508 1334 631 1386 ἡμῶν
651 1333 707 1382 ὡς
729 1331 1001 1386 ἐπιβουλεύει
1022 1335 1227 1386 βασιλεὺς
1248 1333 1420 1384 αὐτοῖς.ί
1421 1334 1547 1375 ‘avb-

200 1420 301 1453 τους
338 1402 375 1445 δ’
416 1404 468 1445 οὐ
501 1409 709 1458 προορᾶν,
744 1401 776 1445 ὦ
808 1405 915 1458 πρὸς
948 1410 1025 1445 τοῦ
1059 1406 1181 1458 Διός,
1216 1405 1365 1446 οἴεσθε
1397 1411 1547 1457 τοῦτο;

202 1474 285 1529 ἐγὼ
323 1476 403 1528 μὲν
441 1491 523 1529 γαρ
563 1471 692 1527 οἶμαί
745 1473 837 1516 ἀλλ’
878 1475 998 1517 ούπω
1032 1477 1187 1527 μείζων
1219 1473 1314 1516 ἔσθ’
1353 1476 1375 1518 ὁ
1410 1477 1548 1530 φόβος

200 1554 288 1588 τῶν
314 1551 421 1601 πρὸς
445 1545 555 1599 ὑμᾶς
581 1547 652 1588 καὶ
677 1548 784 1600 πρὸς
811 1545 1024 1600 ἀλλήλους
1046 1544 1176 1596 ἐνίοις
1198 1547 1436 1601 διαφορῶν.
1475 1547 1549 1589 οὐ-
1569 1564 1602 1590 20

203 1619 278 1659 δὲν
317 1615 398 1660 οὗν
435 1616 526 1659 ἀλλ’
570 1618 595 1672 η’
634 1618 975 1674 ῥαψῳδήσουσιν
1006 1619 1046 1659 οἱ
1079 1617 1280 1672 πρέσβεις
1313 1619 1548 1672 περιόντες.

133 1702 174 1732 13
202 1690 298 1731 τότε
331 1687 385 1743 δ’,
419 1689 473 1730 ἂν
505 1687 570 1743 ἄρ’
611 1689 637 1731 ἃ
668 1695 753 1730 νῦν
779 1686 946 1741 οἰόμεθ’
979 1689 1098 1742 ἡμεῖς
1125 1689 1374 1744 πράττηται,
1405 1689 1549 1740 οὐδεὶς

203 1761 343 1814 δήπου
370 1767 458 1801 τῶν
483 1760 660 1801 πάντων
680 1758 902 1814 Ἑλλήνων
927 1764 1185 1814 τηλικοῦτον
1212 1758 1278 1815 ἐφ’
1305 1761 1421 1818 αὑτῷ
1442 1777 1549 1815 φρο-

202 1838 281 1885 νεῖ,
314 1832 430 1880 ὅστις
464 1831 580 1885 ὁρῶν
611 1831 716 1883 ὑμῖν
748 1833 914 1886 χιλίους
948 1830 1112 1884 ἱππέας,
1145 1831 1321 1881 ὁπλίτας
1349 1833 1375 1873 δ
1420 1833 1550 1882 ὅσους

204 1902 258 1944 ἂν
284 1902 394 1959 θέλῃ
420 1918 497 1957 τις,
522 1908 629 1951 ναῦς
657 1902 705 1943 δὲ
730 1904 992 1956 τριακοσίας,
1018 1902 1096 1956 οὐχ
1122 1901 1213 1956 ἥξει
1239 1903 1311 1944 καὶ
1338 1904 1548 1958 δεήσεται,
1569 1918 1600 1944 25

203 1975 308 2027 μετὰ
340 1974 508 2015 τούτων
535 1971 822 2027 ἀσφαλέστατ’
854 1972 908 2014 ἂν
934 1973 1175 2027 ἡγούμενος
1203 1978 1413 2030 σωθῆναι.
1451 1974 1552 2016 οὐκ-

205 2052 287 2087 οῦν
319 2043 364 2086 ἐκ
396 2045 475 2097 μὲν
506 2050 584 2085 τοῦ
615 2048 765 2086 καλεῖν
796 2045 878 2098 ἤδη
910 2045 958 2086 τὸ
992 2045 1168 2086 δεῖσθαι
1200 2044 1281 2086 κᾶν
1312 2046 1369 2099 μὴ
1401 2043 1545 2100 τύχητ’

205 2116 490 2170 ἀφαμαρτεῖν,
517 2114 563 2157 ἐκ
589 2115 637 2156 δὲ
662 2121 740 2157 τοῦ
767 2116 873 2167 μετὰ
898 2121 976 2157 τοῦ
1003 2116 1359 2168 παρεσκευάσθαι
1379 2117 1431 2157 τὰ
1450 2116 1551 2168 ὑμέ-

204 2185 290 2240 τερ’
331 2187 477 2228 αὐτῶν
512 2185 705 2241 ἐπισχεῖν
740 2186 973 2239 δεομένους
1010 2184 1163 2244 σῴζειν
1197 2187 1267 2227 καὶ
1304 2184 1352 2228 εὖ
1389 2187 1551 2229 εἰδέναι

139 2244 172 2277 ⁰
205 2259 368 2307 πάντας
394 2257 575 2312 ἥξοντάς
603 2256 732 2300 ἐστιν.
1571 2275 1605 2300 30
