1689 2531
241 97 322 138 108
721 95 1096 129 ΔΗΜΟΣΘΕΝΟΤΣ
1527 95 1589 139 [1x

237 193 290 236 οὐ
315 193 586 247 κληρονόμος
612 191 782 233 τούτων
808 191 871 232 ὢν
896 187 1014 232 ταῦτ’
1038 188 1208 247 ἡέποίει,
1233 189 1313 232 οὐκ
1339 188 1501 232 ἐνεῖναι
1522 190 1588 233 λέ-
1610 193 1657 228 11

166 276 208 306 31
237 280 344 319 γειν.
377 266 414 306 εἰ
442 263 492 306 δέ
515 278 564 318 γε
591 264 748 312 δοῦλος
774 261 800 316 ἢ
826 263 1140 315 ὑποβολιμαῖος
1165 262 1218 302 τὰ
1243 262 1299 316 μὴ
1326 259 1585 316 προσήκοντ’
1674 256 1676 262 ’

238 335 439 377 ἀπώλλυε
466 334 537 376 καὶ
565 332 834 387 ἐλυμαίνετο,
860 332 1085 387 “Ηράκλεις
1125 332 1211 389 ὅσῳ
1244 335 1411 385 μᾶλλον
1443 333 1592 375 δεινὸν

237 407 310 448 καὶ
337 406 468 461 ὀργῆς
496 405 620 456 ἄξιον
646 404 803 454 πάντες
831 403 885 446 ἂν
912 401 1082 458 ἔφησαν
1109 398 1232 445 εἶναι.
1265 401 1355 444 ἀλλ’
1383 402 1462 458 οὐχ
1481 403 1591 458 ὑπὲρ

244 479 464 519 Φιλίππου
492 476 563 518 καὶ
591 473 653 518 ὧν
680 474 842 525 ἐκεῖνος
869 475 1047 529 πράττει
1072 480 1176 530 νῦν,
1202 474 1281 529 οὐχ
1308 473 1445 524 οὕτως
1471 472 1593 530 ἕχου-
1612 491 1629 518 5
1675 488 1677 508 ¹

239 560 330 603 σιν,
368 548 421 590 οὐ
460 549 599 601 μόνον
638 547 717 602 οὐχ
741 545 952 600 ΓἘλληνος
991 547 1116 595 ὄντος
1155 545 1259 587 οὐδὲ
1296 547 1594 600 προσήκοντος
1676 561 1678 578 ¹

240 620 372 662 οὐδὲν
398 627 488 669 τοῖς
507 617 727 673 Ἕλλησιν,
754 615 844 659 ἀλλ’
878 617 981 660 οὐδὲ
1004 616 1231 672 βαρβάρου
1254 615 1465 658 ἐντεῦθεν
1485 616 1595 659 ὅθεν

239 692 374 733 καλὸν
407 693 566 745 εἰπεῖν,
598 687 691 731 ἀλλ’
725 689 916 743 ὀλέθρου
951 689 1231 743 Μακεδόνος,
1258 688 1368 730 ὅθεν
1394 686 1488 729 οὐδ’
1520 687 1594 729 ἀν-

240 762 465 816 δράποδον
493 762 737 803 σπουδαῖον
763 760 896 802 οὐδὲν
921 757 976 813 ἣν
1002 761 1217 815 πρότερον
1242 759 1470 813 πρίασθαι.

170 846 212 876 32
300 834 459 875 Καίτοι
485 834 529 874 τί
553 838 627 887 τῆς
655 830 834 887 ἐσχάτης
860 831 1027 885 ὕβρεως
1054 830 1297 882 ἀπολείπεις
1329 829 1382 872 οὐ
1408 830 1516 885 πρὸς
1541 834 1599 887 τῷ
1615 846 1648 872 10

238 906 387 954 πόλεις
407 903 674 961 ἀνῃρηκέναι
694 904 875 957 τίθησιν
895 902 976 955 μὲν
995 903 1047 943 τὰ
1061 902 1230 956 Πύθια,
1249 901 1327 943 τὸν
1341 901 1493 943 κοινὸν
1506 907 1595 942 τῶν

232 977 456 1030 *Ελλήνων
483 974 644 1029 ἀγῶνα,
669 973 752 1016 κᾶν
772 973 902 1023 αὐτὸς
922 974 979 1028 μὴ
1000 979 1129 1029 παρῇ,
1153 974 1255 1022 τοὺς
1277 972 1464 1021 δούλους
1484 970 1595 1026 ἀγω-

238 1048 563 1101 νοθετήσοντας
595 1046 770 1099 πέμπεις
808 1048 944 1101 κύριος
979 1046 1019 1087 δὲ
1046 1050 1194 1086 Πυλῶν
1225 1045 1290 1085 καὶ
1315 1052 1392 1085 τῶν
1418 1045 1480 1085 ἐπὶ
1505 1046 1596 1093 τοὺς

231 1118 426 1166 ’Έλληνας
451 1114 638 1167 παρόδων
671 1113 774 1153 ἐστὶν
800 1113 865 1152 καὶ
892 1116 1086 1165 φρουραῖς
1111 1111 1176 1151 καὶ
1197 1111 1321 1160 ξένοις
1341 1112 1432 1158 τοὺς
1451 1112 1596 1159 τόπους

239 1181 402 1228 τούτους
428 1179 591 1231 κατέχει;
619 1179 692 1231 ἔχει
725 1178 765 1218 δὲ
792 1178 857 1217 καὶ
883 1178 955 1229 τὴν
982 1178 1245 1231 προμαντείαν
1265 1183 1333 1215 τοῦ
1360 1181 1472 1228 θεοῦ,
1498 1191 1594 1228 παρ·
1616 1190 1648 1216 15
1680 1176 1689 1233 3¹

240 1247 343 1293 ώσας
375 1243 477 1297 ἡμᾶς
508 1244 574 1283 καὶ
604 1244 818 1291 Θετταλοὺς
850 1243 915 1282 καὶ
941 1242 1116 1295 Δωριέας
1141 1242 1207 1282 καὶ
1232 1242 1324 1290 τοὺς
1349 1240 1490 1289 ἄλλους
1506 1237 1596 1292 Ἀμ-

170 1321 212 1351 33
240 1311 472 1362 φικτύονας,
500 1305 548 1361 ἧς
575 1308 666 1349 οὐδὲ
693 1306 971 1360 τοῖς”Έλλησιν
997 1309 1116 1347 ἅπασι
1145 1307 1334 1359 μέτεστινς
1360 1303 1521 1359 γράφει
1548 1303 1596 1345 δὲ

245 1382 475 1429 Θετταλοῖς
490 1379 543 1421 ὃν
562 1379 643 1434 χρὴ
664 1379 830 1432 τρόπον
850 1377 1179 1427 πολιτεύεσθαι;
1205 1376 1361 1428 πέμπει
1383 1375 1431 1416 δὲ
1445 1373 1596 1425 ξένους

240 1452 342 1500 τοὺς
369 1450 450 1503 μὲν
477 1451 537 1499 εἰς
558 1450 793 1503 Πορθμόν,
819 1449 897 1490 τὸν
918 1449 1058 1501 δῆμον
1079 1446 1371 1501 ἐκβαλοῦντας
1391 1445 1595 1501 τὸνἘρε-

240 1522 409 1577 τριὲων,
440 1523 542 1571 τοὺς
569 1518 605 1562 δ’
640 1519 702 1562 ἐπ’
732 1519 898 1575 Ὠρεόν,
934 1519 1155 1573 τύραννον
1186 1518 1444 1571 Φιλιστίδην
1469 1532 1597 1559 κατα-
1616 1534 1649 1560 20

242 1595 499 1647 στήσονταςς
533 1591 625 1634 ἀλλ’
666 1592 778 1644 ὅμως
811 1590 943 1632 ταῦθ’
983 1590 1168 1642 ὁρῶντες
1202 1590 1242 1631 οἱ
1268 1587 1473 1643 ’Έλληνες
1500 1587 1596 1630 ἀνέ-

241 1680 405 1720 χονται,
432 1664 503 1706 καὶ
529 1664 608 1705 τὸν
636 1663 773 1704 αὐτὸν
793 1664 958 1717 τρόπον
978 1662 1122 1715 ὥσπερ
1143 1661 1223 1715 τὴν
1243 1660 1431 1715 χάλαζαν
1450 1657 1596 1713 ἔμοιγε

243 1736 453 1778 δοκοῦσιν
485 1739 696 1789 θεωρεῖν,
729 1734 956 1789 εὐχόμενοι
988 1734 1044 1787 μὴ
1077 1731 1178 1774 καθ’
1211 1730 1392 1780 ἑαυτοὺς
1424 1729 1596 1772 ἕκαστοι

174 1819 218 1849 34
245 1806 470 1861 γενέσθαι,
495 1806 683 1848 κωλύειν
711 1804 747 1847 δ’
782 1805 926 1854 οὐδεὶς
954 1803 1194 1859 ἐπιχειρῶν.
1227 1803 1280 1845 οὐ
1305 1803 1445 1855 μόνον
1465 1800 1503 1843 δ’
1524 1799 1593 1855 ἐφ’
1681 1854 1683 1858 ⁴

243 1872 306 1928 οἷς
333 1875 532 1931 ἡἙλλὰς
560 1877 779 1931 ὑβρίζεται
806 1875 877 1917 ὑπ’
905 1875 1055 1929 αὐτοῦ,
1082 1874 1225 1923 οὐδεὶς
1247 1873 1471 1927 ἀμύνεται,
1496 1870 1590 1913 ἀλλ’
1616 1889 1650 1915 25
1688 1866 1689 1871 ¹

243 1947 336 1991 οὐδ’
368 1948 477 2003 ὑπὲρ
512 1945 574 1989 ὧν
608 1948 738 1997 αὐτὸς
771 1946 949 1996 ἕκαστος
982 1946 1209 1987 ἀδικεῖται·
1243 1951 1372 1986 τοῦτο
1404 1944 1486 1998 γὰρ
1513 1944 1596 1997 ἤδη

242 2020 485 2075 τοῦσχατόν
512 2017 642 2060 ἐστιν.
676 2018 728 2060 οὐ
756 2019 1017 2072 Κορινθίων
1038 2015 1387 2073 ἐπ’Άμὶβρακίαν
1407 2013 1596 2069 ἐλήλυθε
1618 2015 1686 2052 12ss

243 2092 314 2133 καὶ
340 2090 563 2142 Λευκάδα;
596 2090 676 2131 οὐκ
693 2088 874 2144 Ἀχαιῶν
900 2089 1170 2131 Ναύπακτον
1202 2086 1427 2140 ὀμώμοκεν
1454 2086 1595 2128 Αἰτω-

244 2166 335 2212 λοῖς
367 2162 665 2216 παραδώσειν;
698 2160 797 2216 οὐχὶ
833 2161 1038 2214 Θηβαίων
1056 2158 1233 2214 Ἐχῖνον
1259 2156 1501 2216 ἀφῄρηται,
1526 2156 1597 2198 καὶ

173 2246 216 2276 35
244 2240 329 2275 νῦν
365 2231 435 2274 ἐπὶ
469 2233 740 2284 Βυζαντίους
776 2231 1006 2286 πορεύεται
1043 2230 1293 2284 συμμάχους
1335 2229 1482 2278 ὄντας;
1518 2226 1596 2282 οὐχ
1617 2244 1650 2270 30
