1689 2531
86 151 130 182 20

58 198 101 224 IX
115 201 130 224 8

54 625 133 650 112ιὶ

59 719 132 745 IVT

45 1217 107 1243 VII
122 1219 135 1242 ἵ

39 1360 147 1404 XVI-11

27 1432 102 1457 XIX
109 1407 147 1457 Ι64

95 1729 138 1758 23

24 1776 144 1801 XIVss

161 45 244 85 142
359 45 713 82 ΑΝΑΞΙΜΕΝΟΤΣ
739 45 869 78 ΠΡΟΣ
895 45 994 77 THN
1019 45 1309 77 ΕΠΙΣΤΟΛΗΝ
1449 45 1508 88 [XI

209 135 293 182 τ,Ων
332 138 364 182 ὦ
404 141 560 194 ἄνδρες
585 123 808 194 Ἀθηναῖοι
847 140 927 194 χρὴ
962 141 1174 194 λαβόντας
1212 137 1404 194 ἔννοιαν,
1437 139 1510 181 καὶ

158 211 472 266 λογισαμένους
504 212 560 261 ὡς
587 210 683 253 οὐδ’
713 209 782 265 ἐφ’
812 212 914 265 ἡμῖν
948 209 1066 252 ἐστιν
1092 211 1140 252 τὸ
1174 211 1360 264 φάσκειν
1386 211 1510 264 ἄγειν

158 284 337 337 εἰρήνην
365 282 465 338 (ἤδη
492 283 573 336 γὰρ
603 281 765 331 ἐκεῖνος
791 283 863 323 καὶ
889 283 1187 336 προηγόρευκε
1214 283 1291 323 τὸν
1316 283 1507 334 πόλεμον

158 354 228 395 καὶ
254 361 344 403 τοῖς
371 352 513 407 ἔργοις
541 352 813 408 ἐξενήνοχεν)
841 354 1027 407 μηδενὸς
1047 353 1127 405 μὲν
1148 353 1383 406 φείδεσθαι
1402 354 1507 406 μήτε

158 432 245 466 τῶν
273 425 496 478 δημοσίων
521 427 625 477 μήτε
646 432 734 466 τῶν
755 425 892 478 ἰδίων,
919 424 1236 477 στρατεύεσθαι
1257 423 1317 477 δέ,
1343 424 1397 464 ἄν
1421 438 1506 464 που
1528 442 1543 467 5

158 496 306 549 καιρὸς
344 497 384 554 ἠ,
419 496 659 549 προθύμως
699 496 902 548 ἅπαντας,
939 498 1131 549 χρῆσθαι
1170 495 1217 536 δὲ
1255 501 1511 548 στρατηγοῖς

89 577 107 598 ‘³
159 566 386 619 ἀμείνοσιν
414 567 436 620 ij
464 568 692 620 πρότερον.
724 567 779 620 μὴ
808 567 889 620 γὰρ
911 566 1109 622 ὑπολάβῃ
1130 581 1193 615 τις
1214 565 1349 620 ὑμῶν,
1375 562 1429 606 δι’
1450 561 1512 606 ὧν

161 636 332 691 ἐγένετο
360 639 411 679 τὰ
436 638 663 692 πράγματα
699 639 826 692 χείρω
854 638 904 678 τὰ
931 644 1005 690 τῆς
1031 639 1208 691 πόλεως,
1246 637 1319 677 διὰ
1343 636 1513 677 τούτων

161 709 270 750 αὐτὰ
301 710 433 750 πάλιν
466 709 772 763 ἀναλήψεσθαι
799 709 869 750 καὶ
901 711 1167 762 γενησεσθαι
1193 708 1367 761 βελτίω·
1405 706 1514 760 μηδὲ

161 782 366 834 νομίσητε
393 780 719 837 ῥᾳθυμούντων
748 781 885 834 ημῶν,
911 780 1054 833 ὥσπερ
1082 780 1315 833 πρότερον,
1341 776 1513 832 ἑτέρους
1534 797 1568 822 10

160 851 270 904 ὑπὲρ
298 858 385 893 τῶν
411 852 633 905 ὑμετέρων
659 851 947 905 ἀγωνιεῖσθαι
973 851 1230 904 προθύμως
1267 847 1358 891 ἀλλ’
1392 848 1514 891 ἐννο-

163 922 285 963 εῖσθ’
305 923 360 972 ὡς
388 924 570 978 αἰσχρόν
597 921 714 963 ἐστιν
736 924 836 971 τοὺς
857 922 936 974 μὲν
954 920 956 978 ξ
974 922 1159 976 πατέρας
1180 922 1302 975 ἡμῶν
1321 921 1511 970 πολλοὺς
1533 925 1609 961 158

162 996 325 1044 πόνους
357 995 429 1035 καὶ
461 994 675 1048 μεγάλους
707 994 944 1043 κινδύνους
978 993 1220 1047 ὑποστῆναι
1247 992 1516 1044 Λακεδαιμο-

162 1067 273 1114 νίοις
294 1069 605 1119 πολεμοῦντας,
632 1066 739 1119 ἡμᾶς
761 1065 808 1106 δὲ
828 1061 925 1118 μηδ’
946 1064 1055 1117 ὑπὲρ
1077 1061 1139 1105 ὧν
1161 1062 1319 1105 ἐκεῖνοι
1339 1063 1516 1112 δικαίως

162 1135 422 1189 κτησάμενοι
458 1135 708 1189 παρέδοσαν
742 1137 843 1189 ημῖν
877 1134 1048 1176 ἐθέλειν
1081 1133 1333 1188 ἐρρωμένως
1359 1133 1516 1186 ἀμύνε-
1537 1153 1570 1178 15

164 1211 284 1260 σθαι,
319 1205 428 1247 ἀλλὰ
463 1207 540 1248 τὸν
574 1207 654 1259 μὲν
691 1205 737 1248 ἐκ
772 1207 1053 1255 ,Μακεδονίας
1089 1205 1345 1259 ὁρμώμενον
1380 1206 1516 1254 οὕτως

164 1274 276 1319 εἶναι
311 1278 649 1332 φιλοκίνδυνον,
681 1275 791 1319 ὥσθ’
829 1276 938 1331 ὑπὲρ
967 1283 1044 1318 τοῦ
1072 1278 1197 1329 μείζω
1234 1282 1412 1330 ποιῆσαι
1437 1276 1518 1329 τὴν

168 1349 306 1403 ἀρχὴν
333 1353 687 1402 κατατετρῶσθαι
713 1354 800 1390 πᾶν
826 1349 874 1390 τὸ
897 1355 1017 1400 σῶμα
1037 1355 1126 1397 τοῖς
1146 1349 1368 1400 πολεμίοις
1387 1347 1518 1401 μαχό-

167 1436 314 1474 μενον,
330 1417 590 1473 Ἀθηναίους
618 1420 678 1474 δέ,
704 1414 767 1469 οἷς
793 1420 978 1473 πάτριόν
1005 1417 1095 1460 ἐστι
1121 1419 1305 1472 μηδενὸς
1329 1417 1520 1475 ἀκούειν,

165 1491 371 1532 ἁπάντων
398 1492 445 1532 δὲ
465 1498 641 1543 κρατεῖν
662 1490 709 1532 ἐν
730 1498 818 1540 τοῖς
839 1489 1055 1543 πολέμοις,
1081 1490 1262 1538 τούτους
1284 1490 1356 1530 διὰ
1378 1489 1518 1546 ῥᾳθυ-
1537 1507 1572 1533 20

164 1564 268 1616 μίαν
298 1562 318 1616 5,
340 1563 556 1614 μαλακίαν
578 1561 902 1616 ἐγκαταλείπειν
921 1561 973 1603 τά
993 1577 1038 1603 τε
1058 1568 1145 1602 τῶν
1165 1562 1398 1615 προγόνων
1412 1558 1517 1614 ἔργα

165 1634 236 1675 καὶ
261 1634 313 1675 τὰ
340 1633 621 1688 συμφέροντα
647 1640 720 1687 τῆς
747 1634 966 1686 πατρίδος.

215 1703 308 1746 Ἵνα
347 1705 394 1747 δὲ
432 1705 487 1759 μὴ
521 1708 791 1759 μακρολογῶ,
830 1704 940 1758 φημὶ
972 1710 1129 1759 χρῆναι
1162 1702 1517 1757 παρεσκευάσθαι

165 1777 245 1829 μὲν
270 1777 377 1830 πρὸς
404 1777 482 1818 τὸν
507 1777 711 1830 πόλεμον,
735 1778 1003 1829 παρακαλεῖν
1030 1775 1077 1816 δὲ
1102 1772 1435 1828 τοὺς’Έλλ·ηνας,
1458 1774 1515 1828 μὴ

168 1849 326 1902 λόγοις,
352 1846 460 1888 ἀλλὰ
486 1854 575 1896 τοῖς
600 1845 743 1901 ἔργοις
763 1848 870 1900 πρὸς
890 1847 971 1900 τὴν
990 1843 1088 1898 παρ’
1109 1845 1231 1899 ἡμῶν
1253 1846 1517 1900 συμμαχίαν·
1537 1861 1570 1888 25

125 1931 139 1955 ‘2
167 1920 222 1969 ὡς
244 1919 353 1967 ἅπας
373 1918 453 1971 μέν
474 1916 593 1959 ἐστιν
614 1919 741 1971 λόγος
761 1917 939 1970 μάταιος
966 1916 1164 1971 πράξεων
1191 1917 1368 1970 ἄμοιρος
1394 1916 1517 1970 γενό-

166 2006 308 2044 μενος,
333 1989 526 2045 τοσούτῳ
555 1989 601 2029 δὲ
627 1986 804 2041 μάλισθ’
833 1988 854 2030 ὁ
881 1988 997 2041 παρὰ
1024 1994 1096 2041 τῆς
1116 1987 1322 2042 ἡμετέρας
1341 1988 1519 2044 πόλεως,

168 2063 254 2118 ὅσῳ
292 2062 508 2114 δοκοῦμεν
542 2060 658 2117 αὐτῷ
687 2060 1000 2114 προχειρότατα
1031 2063 1223 2114 χρῆσθαι
1255 2065 1342 2099 τῶν
1374 2058 1518 2100 ἄλλων

159 2130 395 2186 Ἑλλήνων.

1684 1145 1689 1179 l
