1689 2531
98 219 142 250 43

98 786 143 816 44

100 1283 144 1314 45

102 1710 146 1741 46

169 113 225 154 48
654 113 1029 147 ΔΗΜΟΣΘΕΝΟΤΣ
1457 113 1518 158 [IV

170 209 293 263 ὑμᾶς,
331 209 449 263 εἴπερ
489 210 545 263 μὴ
584 209 863 250 παντάπασιν
895 208 1182 262 ἀπεγνώκατε.
1233 208 1441 261 θαυμάζω
1475 207 1514 250 δ’

177 278 327 334 ἔγωγε,
359 282 395 322 εἰ
428 281 576 334 μηδεὶς
608 280 733 332 ὑμῶν
759 277 854 332 μήτ’
889 278 1144 331 ἐνθυμεῖται
1169 277 1263 333 μήτ’
1296 279 1521 334 ὀργίζεται,

170 351 286 405 ὁρῶν
319 348 350 392 ὦ
384 352 541 405 ἄνδρες
557 348 783 404 Ἀθηναῖοι
820 351 900 404 τὴν
931 349 1011 402 μὲν
1047 349 1185 404 ἀρχὴν
1213 356 1292 391 τοῦ
1325 349 1517 402 πολέμου

169 421 466 476 γεγενημένην
497 422 596 476 περὶ
628 427 706 462 τοῦ
738 422 1072 475 τιμωρήσασθαι
1103 421 1336 475 Φίλιππον,
1366 421 1446 474 τὴν
1473 421 1520 462 δὲ

170 495 377 547 τελευτὴν
416 489 555 534 οὖσαν
592 493 675 545 ἤδη
708 491 818 544 ὑπὲρ
851 497 930 533 τοῦ
967 492 1024 545 μὴ
1063 495 1226 532 παθεῖν
1263 499 1402 541 κακῶς
1433 491 1519 533 ὑπὸ

175 565 408 605 Φιλίππου.
441 562 550 604 ἀλλὰ
576 563 662 616 μὴν
683 563 748 604 ὅτι
769 560 807 616 γ’
834 562 886 603 οὐ
909 564 1122 616 στήσεται,
1148 563 1296 617 δῆλον,
1322 564 1358 604 εἰ
1379 564 1436 616 μή
1456 578 1520 612 τις

170 634 368 676 κωλύσει.
402 629 492 675 εἶτα
513 631 628 675 τοῦτ’
656 632 977 686 ἀναμενοῦμενς
1003 633 1074 674 καὶ
1096 635 1282 687 τριήρεις
1302 634 1429 683 κενὰς
1449 634 1521 675 καὶ

171 706 245 755 τὰς
271 706 387 759 παρὰ
407 711 485 746 τοῦ
507 705 650 753 δεῖνος
672 703 848 753 ἐλπίδας
870 703 924 745 ἂν
944 703 1237 758 ἀποστείλητε,
1262 701 1387 745 πάντ’
1406 702 1521 759 ἔχειν

170 777 319 818 οἴεσθε
346 779 503 827 καλῶςς
539 776 618 817 οὐκ
645 774 944 829 ἐμβησόμεθα;
976 774 1056 816 οὐκ
1082 772 1226 826 ἔξιμεν
1252 775 1376 816 αὐτοὶ
1401 774 1521 828 μέρει

169 847 221 902 γέ
252 863 339 889 τινι
380 854 657 901 στρατιωτῶν
692 848 866 888 οἰκείων
897 852 995 900 νῦν,
1030 847 1066 887 εἰ
1099 846 1169 886 καὶ
1202 846 1258 900 μὴ
1285 847 1518 900 πρότερον;

171 919 250 960 οὐκ
283 917 351 959 ἐπὶ
384 919 464 972 τὴν
485 917 654 959 ἐκείνου
675 918 976 969 πλευσόμεθας
1002 924 1101 971 7,ποῖ
1123 913 1205 958 οὖν
1228 917 1521 971 προσορμιού-

172 990 328 1041 ι.ιεθα;“
359 990 486 1043 ἤρετό
514 1005 589 1038 τις.
623 988 796 1042 εὑρήσει
817 989 869 1029 τὰ
890 988 1036 1042 σαθρὰ
1063 985 1095 1028 ὦ
1117 986 1284 1044 ἄνῙδρες
1298 987 1520 1042 Ἀθηναῖοι
1543 1013 1551 1025 ·

175 1068 257 1102 τῶν
290 1059 459 1102 ἐκείνου
492 1059 757 1114 πραγμάτων
784 1059 913 1108 αὐτὸς
941 1059 962 1100 ὁ
990 1060 1188 1113 πόλεμος,
1221 1058 1275 1100 ἂν
1301 1058 1522 1113 ἐπιχειρῶ-

170 1145 266 1185 μεν·
282 1131 336 1173 ἂν
355 1130 504 1183 μέντοι
524 1128 748 1182 καθώμεθ’
776 1131 901 1184 οἴκοι,
916 1129 1268 1183 λοιδορουμένων
1289 1128 1521 1179 ἀκούοντες

169 1203 240 1244 καὶ
268 1202 537 1254 αἰτιωμένων
563 1201 777 1256 ἀλλήλους
803 1208 891 1242 τῶν
913 1202 1143 1254 λεγόντων,
1163 1198 1361 1242 οὐδέποτ’
1388 1200 1521 1242 οὐδὲν

171 1275 274 1328 ἡμῖν
305 1274 362 1327 μὴ
395 1272 572 1327 γένηται
604 1279 692 1313 τῶν
726 1273 929 1313 δεόντων.
969 1272 1067 1313 ὅποι
1099 1272 1179 1324 μὲν
1211 1272 1292 1326 γὰρ
1321 1271 1376 1313 ἂν
1402 1266 1520 1324 οἶμαι

171 1344 300 1399 μέρος
326 1360 366 1385 τι
392 1350 467 1397 τῆς
493 1344 658 1393 πόλεως
686 1346 1007 1397 συναποσταλῇ,
1031 1342 1113 1384 κᾶν
1138 1343 1194 1396 μὴ
1221 1348 1348 1397 πᾶσα,
1375 1342 1446 1383 καὶ
1472 1343 1520 1384 τὸ

171 1423 259 1457 τῶν
285 1419 406 1457 θεῶν
432 1414 607 1467 εὐμενὲς
633 1414 703 1455 καὶ
724 1414 772 1455 τὸ
794 1421 867 1468 τῆς
887 1414 1017 1468 τύχης
1039 1414 1396 1467 συναγωνίζεται·
1422 1413 1521 1455 ὅποι

173 1488 199 1529 δ
252 1486 306 1528 ι’ὶν
342 1486 585 1540 στρατηγὸν
620 1485 691 1526 καὶ
725 1487 929 1539 ’ψήφισμα
963 1485 1094 1526 κενὸν
1124 1484 1195 1525 καὶ
1226 1485 1300 1533 τὰς
1332 1483 1416 1525 ἀπὸ
1442 1489 1520 1525 τοῦ

172 1560 362 1612 βήματος
396 1555 572 1606 ἐλπίδας
605 1555 866 1610 ἐκπέμψητε,
897 1555 1029 1597 οὐδὲν
1066 1555 1172 1608 ὑμῖν
1209 1562 1296 1596 τῶν
1329 1555 1521 1596 δεόντων

173 1631 380 1684 γίγνεται,
401 1625 492 1669 ἀλλ’
514 1628 553 1669 οἱ
574 1627 654 1680 μὲν
675 1626 828 1682 ἐχθροὶ
848 1630 1155 1680 καταγελῶσιν,
1175 1626 1215 1667 οἱ
1238 1625 1283 1667 δὲ
1306 1625 1521 1680 σύμμαχοι

173 1704 356 1742 τεθνᾶσι
394 1704 453 1756 τῷ
487 1698 574 1740 δέει
612 1700 713 1747 τοὺς
751 1698 978 1747 τοιούτους
1016 1697 1297 1746 ἀποστόλους.
1348 1696 1399 1738 οὐ
1437 1696 1519 1751 γὰρ

174 1769 311 1824 ἔστιν,
337 1770 416 1811 οὐκ
443 1767 562 1810 ἔστιν
588 1766 648 1810 ἔν’
681 1770 820 1823 ἄνδρα
847 1769 1101 1822 δυνηθῆναί
1123 1782 1226 1809 ποτε
1253 1765 1385 1809 ταῦθ’
1416 1767 1521 1820 ὑμῖν

172 1841 332 1897 πρᾶξαι
373 1840 507 1882 πάνθ’
557 1840 636 1881 ὅσα
678 1840 913 1894 βούλεσθε·
948 1838 1221 1894 ὑποσχέσθαι
1263 1838 1410 1891 μέντοι
1448 1838 1519 1879 καὶ

174 1920 312 1968 φῆσαι
338 1912 408 1953 καὶ
434 1912 513 1953 τὸν
540 1908 644 1952 δεῖν’
678 1910 961 1952 αἰτιάσασθαι
986 1910 1057 1951 καὶ
1083 1910 1161 1951 τὸν
1181 1907 1287 1950 δεῖν’
1313 1907 1445 1962 ἔστιν,
1469 1909 1522 1950 τὰ

176 1984 223 2025 δὲ
249 1980 461 2038 πράγματ’
495 1981 540 2023 ἐκ
565 1981 734 2023 τούτων
761 1981 1003 2022 ἀπόλωλεν·
1030 1981 1134 2022 ὅταν
1160 1981 1241 2035 γὰρ
1269 1980 1422 2034 ἡγῆται
1442 1979 1522 2032 μὲν

176 2055 199 2097 ὁ
234 2054 471 2108 στρατηγὸς
497 2052 668 2094 ἀθλίων
701 2052 962 2105 ἀπομίσθων
994 2051 1149 2105 ξένων,
1187 2052 1226 2093 οἱ
1255 2049 1292 2092 δ’
1323 2050 1432 2104 ὑπὲρ
1459 2047 1521 2091 ὧν

177 2125 232 2167 ἂν
259 2124 422 2174 ἐκεῖνος
448 2123 586 2181 πράξῃ
613 2125 720 2178 πρὸς
746 2123 855 2175 ὑμᾶς
881 2123 1146 2175 ψευδόμενοι
1179 2122 1337 2178 ῥᾳδίως
1364 2118 1514 2162 ἐνθάδ’

177 2194 298 2250 ὦσιν,
323 2195 444 2247 ὑμεῖς
471 2192 509 2236 δ’
541 2193 582 2244 ἐξ
610 2191 672 2236 ὧν
699 2193 752 2235 ἂν
778 2191 991 2247 ἀκούσηθ’
1024 2194 1045 2235 ὅ
1072 2209 1112 2234 τι
1139 2192 1193 2234 ἂν
1212 2192 1367 2247 τύχητε
1385 2192 1521 2245 ψηφί-

179 2269 324 2322 ζησθε,
349 2267 392 2307 τί
417 2266 487 2307 καὶ
513 2266 593 2320 χρὴ
620 2266 890 2320 προσδοκᾶν;

1541 865 1574 890 10

1542 1218 1574 1244 15

1542 1573 1575 1598 20

1543 1926 1575 1952 25

1540 2279 1575 2306 30

1664 743 1671 865 ⁴„⁴---——m
