1689 2531
243 80 323 121 106
725 81 1099 115 ΔΗΜΟΣΘΕΝΟΤΣ
1530 83 1588 127 [1x

164 189 210 219 23
237 177 623 218 καταδουλοῦσθαι
657 177 732 226 τὰς
763 177 911 226 πόλεις
947 175 1135 219 ἐπιόντα.
1174 178 1314 219 καίτοι
1349 177 1587 232 προστάται

236 247 317 300 μὲν
347 245 469 299 ὑμεῖς
503 245 785 302 ἑβδομήκοντ’
817 246 889 302 ἔτη
916 248 988 289 καὶ
1014 249 1112 302 τρία
1138 255 1226 289 τῶν
1246 245 1469 302 Ἑλλήνων
1497 247 1586 303 ἐγέ-

235 324 384 373 νεσθε,
409 318 648 373 προστάται
676 318 723 360 δὲ
749 318 976 373 τριάκονθ’
1010 318 1106 368 ἑνὸς
1134 318 1289 361 δέοντα
1315 320 1586 372 Λακεδαιμό-

235 406 336 443 νιοι,
372 390 558 445 ἴσχυσαν
595 390 645 432 δέ
676 406 718 432 τι
753 391 824 432 καὶ
854 392 1038 444 Θηβαῖοι
1070 391 1277 432 τουτουσὶ
1308 392 1410 440 τοὺς
1441 394 1585 432 τελευ-

234 463 384 511 ταίους
410 463 596 516 χρόνους
620 462 725 514 μετὰ
745 463 826 516 τὴν
847 460 894 503 ἐν
915 462 1153 516 Λεύκτροις
1173 461 1325 516 μάχην.
1353 459 1444 503 ἀλλ’
1472 462 1584 514 ὅμως
1604 480 1620 506 5

235 532 335 574 οὔθ’
368 530 473 585 ὑμῖν
506 533 607 574 οὔτε
638 534 844 586 Θηβαίοις
877 533 977 574 οὔτε
1003 533 1366 585 Λακεδαιμονίοις
1393 532 1586 574 οὐδεπώ-

233 603 326 645 ποτ’
366 601 398 645 ὦ
434 605 590 658 ἄνδρες
630 601 851 657 Ἀθηναῖοι
891 606 1179 659 συνεχωρήθη
1211 601 1339 645 τοῦθ’
1376 601 1461 646 ὑπὸ
1496 611 1585 646 τῶν

164 686 208 716 24
229 673 465 729 Ἑλλήνων,
491 682 634 717 ποιεῖν
661 676 682 717 ὅ
711 691 750 716 τι
770 675 1025 728 βούλοισθε,
1050 675 1153 716 οὐδὲ
1174 678 1339 717 πολλοῦ
1361 676 1443 717 δεῖ·
1475 674 1585 717 ἀλλὰ

154 1899 196 1929 26

232 752 362 788 τοῦτο
389 746 469 799 μὲν
500 744 619 801 ὑμῖν,
651 749 818 799 μᾶλλον
845 747 892 788 δὲ
918 753 1008 795 τοῖς
1034 745 1121 788 τότ’
1154 743 1283 788 οὖσιν
1300 745 1579 803 Ἀθηναίοιςψ

233 816 382 871 ἐπειδή
407 828 524 859 τισιν
557 817 609 859 οὐ
635 819 817 872 μετρίως
844 816 1029 859 ἐδόκουν
1055 818 1401 872 προσφέρεσθαι,
1426 817 1583 868 πάντες
1604 822 1678 858 117

231 886 370 945 ᾤοντο
399 889 505 943 δεῖν,
531 889 602 930 καὶ
630 890 669 930 οἱ
697 889 834 943 μηδὲν
860 887 1060 942 ἐγκαλεῖν
1085 887 1257 944 ἔχοντες
1284 889 1445 943 αὐτοῖς,
1477 890 1582 942 μετὰ
1603 908 1634 932 11

231 967 319 1001 τῶν
356 960 632 1014 ἠδικημένων
670 963 893 1012 πολεμεῖν·
937 960 1008 1001 καὶ
1046 960 1179 1001 πάλιν
1218 961 1580 1013 Λακεδαιμονίοις
1620 957 1623 959 ’

230 1031 413 1086 ἄρξασιν
433 1031 505 1073 καὶ
526 1035 830 1086 παρελθοῦσιν
851 1033 911 1081 εἰς
931 1033 1011 1086 τὴν
1031 1031 1169 1086 αὐτὴν
1187 1031 1452 1073 δυναστείαν
1464 1029 1581 1085 ὑμῖν,

229 1101 378 1157 ἐπειδὴ
411 1102 665 1154 πλεονάζειν
697 1102 951 1157 ἐπεχείρουν
982 1103 1053 1144 καὶ
1079 1102 1190 1159 πέρα
1215 1109 1293 1144 τοῦ
1326 1103 1502 1157 μετρίου
1529 1104 1582 1144 τὰ

229 1171 511 1228 καθεστηκότ’
534 1172 723 1228 ἐκίνουν,
742 1174 900 1224 πάντες
922 1175 981 1223 εἰς
1001 1175 1194 1226 πόλεμον
1213 1173 1494 1228 κατέστησαν,
1507 1174 1579 1216 καὶ
1602 1191 1633 1218 15

229 1245 269 1286 οἱ
296 1245 434 1299 μηδὲν
461 1243 746 1299 ἐγκαλοῦντες
773 1245 932 1295 αὐτοῖς.
958 1245 1030 1287 καὶ
1055 1246 1098 1286 τί
1123 1246 1190 1287 δεῖ
1211 1247 1313 1294 τοὺς
1334 1245 1492 1294 ἄλλους
1514 1245 1580 1287 λε’-

227 1331 341 1370 γειν;
362 1316 454 1358 ἀλλ’
475 1317 598 1369 ἡμεῖς
618 1316 742 1358 αὐτοὶ
762 1317 833 1358 καὶ
848 1317 1201 1371 Λακεδαιμόνιοι,
1222 1316 1355 1358 οὐδὲν
1373 1315 1427 1357 ἂν
1442 1317 1580 1358 εἰπεῖν

226 1385 398 1442 ἔχοντες
419 1386 461 1438 ἐξ
483 1387 615 1443 ἀρχῆς
637 1388 658 1429 ὅ
680 1403 720 1429 τι
740 1385 997 1442 ἠδικούμεθ’
1017 1385 1089 1429 ὑπ’
1108 1387 1321 1442 ἀλλήλων,
1343 1387 1455 1440 ὅμως
1469 1385 1578 1442 ὑπὲρ

226 1456 290 1500 ὧν
310 1461 411 1508 τοὺς
432 1460 591 1509 ἄλλους
611 1458 927 1511 ἀδικουμένους
948 1458 1162 1513 ἑωρῶμεν,
1181 1461 1387 1510 πολεμεῖν
1406 1456 1580 1515 ᾠόμεθα

227 1532 333 1573 δεῖν.
372 1532 513 1572 καίτοι
539 1528 673 1572 πάνθ’
707 1528 769 1572 ὅσ’
809 1529 1093 1584 ἐξημάρτηται
1119 1530 1190 1571 καὶ
1216 1530 1580 1582 Λακεδαιμονίοις
1600 1547 1633 1573 20

228 1601 276 1644 ἐν
308 1609 397 1651 τοῖς
424 1599 640 1657 τριάκοντ’
669 1600 850 1650 ἐκείνοις
871 1599 1012 1643 ἔτεσιν
1032 1601 1103 1642 καὶ
1123 1607 1212 1650 τοῖς
1232 1600 1454 1654 ἡμετέροις
1474 1615 1579 1655 προ-

226 1675 375 1728 γόνοις
414 1672 462 1715 ἐν
500 1680 590 1722 τοῖς
622 1671 940 1727 ἑβδομήκοντα,
973 1669 1162 1714 ἐλάττον’
1196 1669 1315 1713 ἐστὶν
1357 1668 1389 1713 ὦ
1422 1672 1578 1727 ἄνδρες

217 1742 455 1799 Ἀθηναῖοι,
481 1741 543 1785 ὧν
574 1746 789 1793 Φίλιππος
817 1742 864 1785 ἐν
889 1744 1005 1797 τρισὶ
1031 1743 1102 1784 καὶ
1129 1740 1214 1784 δέκ’
1241 1742 1321 1798 οὐχ
1348 1743 1465 1792 ὅλοις
1491 1740 1579 1785 ἔτε-

227 1827 316 1871 σιν,
349 1810 412 1865 οἷς
446 1814 711 1870 ἐπιπολάζει,
742 1815 919 1869 ἠδίκηκε
951 1816 1053 1864 τοὺς
1070 1812 1301 1868 ΡΈλληνας,
1335 1817 1501 1866 μᾶλλον
1534 1811 1571 1856 δ’

225 1888 328 1929 οὐδὲ
354 1886 483 1941 μέρος
509 1886 679 1928 τούτων
705 1885 860 1928 ἐκεῖνα.
892 1888 957 1927 καὶ
982 1884 1086 1927 τοῦτ’
1115 1888 1158 1927 ἐκ
1184 1887 1345 1940 βραχέος
1370 1888 1486 1940 λόγου
1507 1884 1576 1943 459}-
1596 1903 1630 1929 25

225 1962 311 2000 διον
338 1962 471 2008 δεῖξαι.
495 1955 724 1999 Ὄλυνθον
749 1957 830 2010 μὲν
856 1958 909 2012 δὴ
936 1957 1006 1999 καὶ
1027 1956 1258 2010 Μεθώνην
1284 1956 1355 1998 καὶ
1366 1953 1577 1998 Ἀπολλω-

222 2031 325 2072 νίαν
356 2030 428 2071 καὶ
461 2029 542 2071 δύο
576 2029 646 2070 καὶ
679 2029 913 2083 τριάκοντα
945 2030 1092 2077 πόλεις
1125 2026 1194 2069 ἐπὶ
1225 2025 1394 2084 Θρᾴκης
1421 2026 1495 2082 ἐῶ,
1527 2027 1575 2077 ἃς

222 2100 390 2150 ἁπάσας
429 2099 565 2149 οὕτως
610 2099 734 2152 ὠμῶς
778 2097 1007 2158 ἀνῄρηκεν,
1044 2099 1154 2140 ὥστε
1192 2096 1289 2153 μηδ’
1333 2100 1370 2140 εἰ
1407 2096 1568 2140 πώποτ’

221 2170 458 2229 ᾠκήθησαν
484 2168 773 2224 προσελθόντ’
806 2166 917 2212 εἶναι
945 2168 1100 2227 ῥᾴδιον
1127 2171 1282 2212 εἰπεῖν·
1309 2169 1380 2211 καὶ
1405 2170 1453 2212 τὸ
1479 2173 1574 2211 Φω-

222 2242 334 2285 κέων
360 2240 493 2292 ἕθνος
513 2248 727 2284 τοσοῦτον
747 2241 1024 2299 ἀνῃρημένον
1045 2248 1203 2283 σιωπῶ.
1231 2240 1341 2282 ἀλλὰ
1364 2242 1574 2283 Θετταλία
1592 2257 1627 2284 so
