1689 2531
108 190 150 220 29

111 971 154 1000 30

112 1326 154 1356 31

177 84 235 123 44
662 85 1036 118 ΔΗΜΟΣΘΕΝΟΤΣ
1462 84 1521 130 [IV

179 183 325 222 λαντα.
362 181 398 222 εἰ
420 179 470 221 δέ
486 195 550 229 τις
571 180 706 222 οἴεται
726 180 886 234 μικρὰν
905 179 1109 235 ἀφορμὴν
1130 175 1254 235 εἶναι,
1274 179 1522 234 σιτηρέσιον

177 257 267 300 τοῖς
294 250 653 305 στρατευομένοις
679 250 904 305 ὑπάρχειν,
930 250 1011 292 οὐκ
1034 250 1179 305 ὀρθῶς
1204 248 1413 305 ἔγνωκεν·
1439 249 1522 304 ε’γὼ

178 322 260 376 γὰρ
293 317 392 363 οἶδα
426 329 575 377 σαφῶς
608 322 691 375 ὅτι,
722 319 838 363 τοῦτ’
873 320 926 362 ἂν
958 321 1152 376 γένηται,
1183 328 1442 376 προσποριεῖ
1471 322 1523 363 τὰ

179 392 293 434 λοίπ’
323 392 429 434 αὐτὸ
461 393 510 435 τὸ
539 390 766 445 στράτευμ’
800 391 883 433 ἀπὸ
910 398 988 433 τοῦ
1015 391 1219 446 πολέμου,
1250 392 1411 434 οὐδένα
1436 399 1524 434 τῶν

173 461 397 517 Ἑλλήνων
429 462 613 505 ἀδικοῦν
646 463 751 504 οὐδὲ
781 470 870 504 τῶν
903 463 1152 517 συμμάχων,
1182 462 1282 504 ὥστ’
1314 461 1429 518 ἔχειν
1457 478 1525 516 μι-

180 535 296 576 σθὸν
323 533 484 588 ἐντελῆ.
523 532 606 588 ἐγὼ
635 533 867 586 συμπλέων
899 532 1134 587 ἐθελοντὴς
1166 533 1349 588 πάσχειν
1375 533 1526 575 ὁτιοῦν

180 604 366 659 ἕτοιμος,
399 604 475 646 ἐὰν
506 606 563 660 μὴ
597 602 724 646 ταῦθ’
758 604 895 654 οὕτως
928 602 1013 661 ἔχῃ.
1057 606 1201 646 πόθεν
1233 601 1314 646 οὖν
1344 604 1365 646 ὁ
1392 605 1526 658 πόρος

180 683 268 718 τῶν
302 676 546 731 χρημάτων,
584 676 610 718 ἃ
645 673 743 729 παρ’
781 675 906 728 ὑμῶν
943 675 1104 717 κελεύω
1142 675 1370 730 γενέσθαι;
1404 674 1519 717 τοῦτ’

179 747 262 801 ἤδη
290 746 407 796 λέξω.

626 870 794 903 HOPOT
821 870 1089 906 ΑΠΟΔΕΙΞΙΣ

242 958 283 1002 Ἄ
317 960 398 1014 μὲν
429 960 548 1014 ἡμεῖς
583 957 614 1000 ὦ
642 959 798 1012 ἄνδρες
824 959 1047 1013 Ἀθηναῖοι
1074 958 1338 1012 δεδυνήμεθ’
1371 959 1530 1014 εὑρεῖν,

181 1029 298 1072 ταῦτ’
333 1029 469 1072 ἐστίν·
503 1029 681 1072 ἐπειδὰν
714 1028 751 1071 δ’
785 1028 1131 1085 ἐπιχειροτονῆτε
1162 1030 1236 1079 τὰς
1262 1030 1448 1084 γνώμας,
1474 1029 1528 1072 ἂν

181 1103 287 1155 ὑμῖν
313 1101 486 1159 ἀρέσκῃ,
511 1102 850 1156 χειροτονήσετε,
876 1101 948 1142 ἵνα
975 1102 1031 1155 μὴ
1058 1102 1196 1153 μόνον
1218 1099 1265 1142 ἐν
1285 1108 1374 1150 τοῖς
1393 1102 1529 1156 ψηφί-

184 1184 314 1226 σμασι
347 1173 418 1214 καὶ
449 1179 542 1222 ταῖς
569 1171 814 1221 ἐπιστολαῖς
840 1175 1053 1225 πολεμῆτε
1085 1172 1299 1228 Φιλίππῳ,
1324 1170 1433 1213 ἀλλὰ
1457 1172 1529 1213 καὶ

184 1243 231 1286 ἐν
256 1251 346 1294 τοῖς
372 1242 528 1298 ἔργοις.

242 1319 424 1357 Δοκεῖτε
457 1313 507 1355 δέ
536 1330 608 1366 μοι
647 1315 759 1355 πολὺ
792 1313 966 1367 βέλτιον
1003 1313 1056 1354 ἂν
1091 1313 1189 1367 περὶ
1224 1318 1302 1354 τοῦ
1337 1312 1527 1366 πολέμου

183 1386 254 1428 καὶ
282 1386 382 1439 ὅλης
408 1392 482 1439 τῆς
508 1391 782 1439 παρασκευῆς
808 1385 1152 1438 βουλεύσασθαι,
1179 1386 1214 1425 εἰ
1235 1385 1313 1425 τὸν
1332 1385 1469 1426 τόπον
1495 1382 1527 1426 ὦ

184 1458 340 1511 ἄνδρες
361 1457 584 1510 Ἀθηναῖοι
605 1462 679 1509 τῆς
700 1456 854 1510 χώρας,
873 1456 980 1510 πρὸς
1001 1456 1056 1509 ἣν
1075 1458 1312 1509 πολεμεῖτε,
1338 1453 1530 1509 ἐνθυμή-

184 1529 345 1582 θείήτε,
370 1528 441 1568 καὶ
468 1524 715 1581 λογίσαισθ’
743 1527 808 1568 ὅτι
834 1535 924 1576 τοῖς
950 1526 1166 1578 πνεύμασι
1192 1526 1264 1566 καὶ
1285 1532 1378 1575 ταῖς
1397 1526 1529 1580 ὥραις

184 1606 262 1641 τοῦ
290 1597 413 1648 ἔτους
439 1599 491 1639 τὰ
519 1599 659 1640 πολλὰ
690 1597 1014 1651 προλαμβάνων
1041 1596 1346 1651 διαπράττεται
1377 1598 1530 1638 Φίλιπ-

184 1684 274 1723 πος,
301 1670 373 1711 καὶ
399 1668 593 1724 φυλάξας
619 1671 721 1718 τοὺς
749 1667 919 1722 ἐτησίας
945 1668 970 1722 ἣ
1001 1669 1078 1710 τὸν
1109 1664 1281 1722 χειμῶν’
1315 1666 1532 1722 ἐπιχειρεῖ,

139 1760 146 1766 ·
185 1738 296 1795 ἡνίκ’
330 1740 384 1782 ἂν
410 1740 530 1794 ἡμεῖς
557 1741 613 1794 μὴ
641 1737 872 1792 δυναίμεθ’
905 1737 1031 1781 ἐκεῖσ’
1064 1738 1314 1794 ἀφικέσθαι.
1353 1739 1420 1780 δεῖ
1443 1739 1530 1780 τοί-

184 1828 269 1853 νυν
295 1809 412 1852 'casm’
441 1810 889 1866 ἐνθυμουμένουςΙμὴ
916 1811 1143 1864 βοηθείαις
1163 1812 1368 1862 πολεμεῖν
1389 1808 1531 1865 (ὑστε-

186 1887 367 1935 ριοῦμεν
405 1882 488 1936 γὰρ
528 1879 775 1937 ἁπάντων),
813 1881 921 1922 ἀλλὰ
959 1887 1211 1936 παρασκευῇ
1251 1887 1424 1935 συνεχεῖ
1459 1879 1531 1921 καὶ

187 1952 381 2005 δυνάμει.
408 1952 593 2007 ὑπάρχει
621 1950 656 1993 δ’
690 1952 796 2012 ὑμῖν
822 1953 1028 2008 χειμαδίῳ
1054 1951 1135 2004 μὲν
1160 1956 1351 2006 χρῆσθαι
1377 1957 1428 2006 τῇ
1456 1951 1531 1992 δυ-

185 2023 311 2076 νάμει
338 2025 501 2080 Λήμνῳ
529 2023 600 2064 καὶ
631 2023 758 2079 Θάσῳ
792 2024 863 2064 καὶ
888 2022 1073 2079 Σκιάθῳ
1103 2023 1174 2063 καὶ
1200 2028 1292 2072 ταῖς
1318 2020 1366 2063 ἐν
1391 2021 1529 2077 τούτῳ

185 2099 243 2151 τῷ
265 2095 383 2150 τόπῳ
410 2096 575 2149 νήσοις,
601 2092 648 2135 ἐν
676 2088 742 2143 αἶς
768 2094 839 2135 καὶ
867 2093 1034 2146 λιμένες
1061 2093 1132 2134 καὶ
1159 2100 1276 2142 σῖτος
1302 2092 1372 2133 καὶ
1398 2092 1424 2134 ἃ
1449 2092 1529 2147 χρὴ

187 2165 473 2219 στρατεύματι
499 2164 636 2206 πάνθ’
661 2164 863 2219 ὑπάρχει·
889 2165 970 2218 τὴν
997 2161 1032 2205 δ’
1060 2164 1179 2217 ὥραν
1201 2170 1278 2205 τοῦ
1300 2161 1435 2217 ἔτους,
1461 2163 1531 2204 ὅτε

186 2236 255 2277 καὶ
282 2236 389 2290 πρὸς
415 2243 466 2291 τῇ
492 2243 547 2291 γῇ
572 2235 782 2290 γενέσθαι
810 2235 965 2292 ῥᾴδιον
991 2235 1061 2276 καὶ
1087 2235 1135 2276 τὸ
1159 2242 1246 2276 τῶν
1272 2233 1532 2286 πνευμάτων

1548 880 1580 905 10

1549 1257 1581 1283 15

1550 1612 1583 1637 20

1551 1812 1600 1847 49

1551 1967 1583 1992 25
