1689 2531
93 475 108 500 5

35 533 109 568 111

76 828 108 853 10

76 1181 108 1207 15

74 1536 107 1562 20

75 1888 107 1914 25

75 2241 107 2265 30

128 80 186 124 1x]
572 80 698 113 ΚΑΤΑ
723 80 976 113 ΦΙΑΙΠΠΟΤ
1002 80 1033 112 Γ
1390 80 1470 121 101

130 175 286 229 ἄνδρες
302 171 528 228 Ἀθηναῖοι
560 172 608 216 ἐν
640 169 704 225 οἷς
730 174 1041 228 εὐδοκιμοῦσιν
1067 175 1191 217 αὐτοὶ
1216 176 1288 217 καὶ
1314 176 1475 218 δύναν-

128 261 212 300 ται,
243 251 380 287 ταῦτα
412 245 704 300 φυλάττοντες
736 245 946 299 οὐδεμίαν
977 246 1076 301 περὶ
1106 253 1195 288 τῶν
1225 247 1475 299 μελλόντων

129 316 344 371 πρόνοιαν
381 313 577 371 ἔχουσιν,
616 319 763 358 οὐκοῦν
797 315 882 358 οὐδ’
918 319 1020 371 ὑμᾶς
1058 320 1206 359 οἴονται
1242 320 1324 359 δεῖν
1362 320 1473 372 ἔχειν,

129 386 268 441 ἕτεροι
296 386 343 429 δὲ
368 389 470 437 τοὺς
497 385 566 429 ἐπὶ
593 393 682 436 τοῖς
707 386 957 442 πράγμασιν
983 388 1111 437 ὄντας
1134 388 1383 440 αἰτιώμενοι
1402 388 1473 430 καὶ

129 457 438 512 διαβάλλοντες
465 457 598 500 οὐδὲν
624 458 729 499 ἄλλο
756 463 962 499 ποιοῦσιν
986 457 1012 512 ἢ
1040 458 1154 508 ὅπως
1176 459 1202 512 ἡ
1222 460 1347 508 πόλις
1368 456 1467 513 παρ’

132 528 264 582 αὑτῆς
291 528 418 582 δίκην
445 528 637 582 λήψεται
664 528 735 569 καὶ
761 528 859 582 περὶ
885 526 1001 570 τοῦτ’
1033 526 1165 583 ἔσται,
1201 531 1402 586 Φιλίππῳ
1430 527 1466 571 δ’

129 597 294 649 ἐξέσται
332 599 403 640 καὶ
442 598 585 653 λέγειν
622 599 694 640 καὶ
725 598 930 653 πράττειν
963 600 985 641 ὅ
1017 616 1058 641 τι
1089 600 1305 653 βούλεται.
1350 601 1392 642 αἱ
1427 601 1474 643 δὲ

128 675 326 711 τοιαῦται
361 673 574 711 πολιτεῖαι
608 672 817 724 συνήθεις
849 668 929 722 μέν
961 671 1074 712 εἰσιν
1106 670 1224 725 ὑμῖν,
1261 671 1394 713 αἴτιαι
1428 672 1475 714 δὲ

129 747 217 782 τῶν
241 747 398 782 κακῶν.
436 739 539 790 ἀξιῶ
568 738 604 782 δ’
638 737 669 781 ὦ
697 741 852 795 ἄνδρες
871 738 1106 795 Ἀθηναῖοι,
1132 742 1186 782 ἄν
1205 757 1245 783 τι
1265 749 1353 783 τῶν
1374 741 1474 797 άλη-

128 814 226 852 θῶν
251 811 357 864 μετὰ
382 812 624 866 παρρησίας
652 810 774 866 λέγω,
799 812 1013 865 μηδεμίαν
1035 827 1107 864 μοι
1129 812 1201 853 διὰ
1220 819 1348 854 τοῦτο
1369 811 1468 867 παρ’

127 881 251 934 ὑμῶν
290 881 426 936 ὀργὴν
464 881 686 935 γενέσθαι.
737 888 935 923 σκοπεῖτε
973 883 1055 937 γὰρ
1095 883 1190 924 ὡδί·
1235 883 1356 936 ὑμεῖς
1394 884 1474 938 τὴν

127 953 376 1007 παρρησίαν
403 951 472 994 ἐπὶ
497 952 577 1004 μὲν
603 960 690 994 τῶν
717 953 862 994 ἄλλων
889 952 1001 995 οὕτω
1029 954 1183 1008 κοινὴν
1208 953 1358 995 οἴεσθε
1379 955 1474 996 δεῖν

128 1018 240 1064 εἶναι
274 1029 379 1064 πᾶσι
411 1030 500 1072 τοῖς
533 1022 581 1064 ἐν
611 1030 663 1079 τῇ
695 1024 832 1078 πόλει,
867 1024 977 1065 ὥστε
1009 1023 1080 1065 καὶ
1111 1031 1200 1074 τοῖς
1233 1024 1371 1075 ξένοις
1402 1025 1474 1066 καὶ

126 1100 216 1143 τοῖς
252 1093 428 1143 δούλοις
461 1094 593 1148 αὐτῆς
625 1095 948 1147 μεταδεδώκατε
981 1093 1071 1150 (καὶ
1102 1097 1291 1145 πολλοὺς
1324 1096 1378 1137 ἄν
1409 1111 1473 1146 τις

129 1163 294 1214 οἰκέτας
321 1164 409 1206 ἴδοι
435 1162 533 1219 παρ’
558 1166 660 1218 ἡμῖν
686 1166 791 1217 μετὰ
816 1167 1016 1215 πλείονος
1044 1164 1239 1216 ἐξουσίας
1267 1167 1288 1208 ὅ
1309 1182 1350 1208 τι
1369 1167 1473 1220 βού-

129 1238 278 1277 λονται
305 1235 510 1289 λέγοντας
533 1235 556 1290 ἢ
579 1237 756 1285 πολίτας
778 1234 825 1277 ἐν
846 1234 979 1286 ἐνίαις
1000 1243 1087 1278 τῶν
1107 1237 1252 1278 ἄλλων
1270 1236 1472 1293 πόλεων),

128 1304 174 1347 ἐκ
206 1306 254 1347 δὲ
284 1312 363 1348 τοῦ
398 1307 717 1360 συμβουλεύειν
748 1306 1025 1348 παντάπασιν
1054 1306 1344 1361 ἐξεληλάκατε.
1384 1303 1466 1350 εἷθ’

127 1375 232 1428 ὑμῖν
277 1377 550 1431 συμβέβηκεν
595 1375 640 1418 ἐκ
683 1377 855 1431 τούτου,
899 1376 946 1419 ἐν
983 1378 1063 1430 μὲν
1101 1385 1192 1427 ταῖς
1231 1377 1472 1433 ἐκκλησίαις

127 1453 302 1502 τρυφᾶν
333 1448 403 1488 καὶ
437 1449 753 1490 κολακεύεσθαι
785 1448 926 1489 πάντα
957 1450 1065 1502 πρὸς
1098 1450 1264 1504 ἡδονὴν
1290 1449 1473 1491 ἀκούου-

128 1529 212 1573 σιν,
238 1516 286 1560 ἐν
313 1519 360 1560 δὲ
386 1526 476 1568 τοῖς
502 1519 723 1573 πράγμασι
750 1519 820 1559 καὶ
846 1525 935 1568 τοῖς
961 1519 1236 1573 γιγνομένοις
1263 1520 1360 1574 περὶ
1386 1527 1474 1562 τῶν

128 1587 320 1644 ἐσχάτων
357 1590 439 1643 ἤδη
479 1590 769 1631 κινδυνεύειν.
820 1590 856 1631 εἰ
894 1590 974 1641 μὲν
1013 1587 1094 1631 οὖν
1131 1591 1201 1632 καὶ
1239 1597 1324 1632 νῦν
1359 1590 1472 1633 οὕτω

129 1659 366 1714 διάκεισθε,
403 1660 484 1702 οὐκ
521 1658 602 1714 ἔχω
643 1662 685 1701 τί
722 1659 850 1714 λέγω·
890 1662 926 1702 εἰ
966 1658 1002 1702 δ’
1036 1661 1062 1702 ἑὲ
1101 1661 1313 1716 συμφέρει
1344 1662 1473 1716 χωρὶς

127 1731 350 1780 κολακείας
390 1728 610 1784 ἐθελήσετ’
643 1730 839 1785 ἀκούειν,
877 1730 1045 1784 ἕτοιμος
1085 1731 1238 1786 λέγειν.
1282 1733 1352 1773 καὶ
1390 1733 1472 1786 γὰρ

129 1802 164 1841 εἰ
197 1800 314 1841 πάνυ
349 1801 525 1855 φαύλως
557 1802 609 1842 τὰ
641 1799 852 1855 πράγματ’
885 1799 971 1856 ἔχει
1004 1802 1075 1843 καὶ
1101 1803 1240 1844 πολλὰ
1265 1810 1474 1857 προεῖται,

129 1871 242 1923 ὅμως
274 1869 407 1925 ἔστιν,
439 1870 514 1913 ἐὰν
546 1872 666 1924 ὑμεῖς
698 1873 750 1913 τὰ
783 1871 938 1913 δέοντα
970 1880 1112 1914 ποιεῖν
1141 1873 1379 1928 βούλησθε,
1410 1872 1472 1915 ἔτι

128 1941 268 1983 πάντα
298 1939 416 1983 ταῦτ’
444 1941 854 1996 ἐπανορθώσασθαι.
894 1943 964 1984 καὶ
990 1943 1239 1997 παράδοξον
1264 1944 1344 1996 μὲν
1370 1945 1471 1994 ἴσως

129 2010 247 2053 ἐστὶν
292 2012 313 2053 ὃ
358 2012 497 2064 μέλλω
550 2013 711 2067 λέγειν,
754 2013 915 2067 ἀληθὲς
959 2013 1023 2055 δέ·
1073 2015 1121 2055 τὸ
1166 2016 1384 2069 χείριστον
1425 2014 1473 2057 ἐν

127 2089 217 2132 τοῖς
248 2084 606 2137 παρεληλυθόσιν
638 2090 767 2125 τοῦτο
796 2085 902 2138 πρὸς
930 2085 981 2125 τὰ
1007 2084 1220 2136 μέλλοντα
1246 2085 1473 2138 βέλτιστον

127 2153 321 2208 ὑπάρχει.
361 2155 404 2195 τί
434 2151 516 2195 οὖν
549 2152 638 2195 ἐστι
667 2160 815 2206 τοῦτο;
849 2155 914 2196 ὅτι
941 2156 1041 2197 οὔτε
1067 2156 1223 2209 μικρὸν
1250 2156 1350 2198 οὔτε
1375 2155 1466 2210 μέγ’

128 2223 260 2266 οὐδὲν
286 2231 373 2265 τῶν
400 2225 592 2266 δεόντων
614 2226 862 2267 ποιούντων
882 2226 1004 2278 ὑμῶν
1024 2233 1162 2275 κακῶς
1182 2227 1233 2267 τὰ
1254 2225 1466 2281 πράγματ’

1498 1389 1570 1415 VIII
1581 1392 1614 1416 34

1499 1956 1519 1986 5

1497 2025 1564 2052 1v2
