1689 2531
777 568 838 611 111

533 653 777 703 OATNG)
786 652 964 702 IAKO
974 654 1015 700 Σ
1053 653 1095 700 Γ

687 752 942 786 ΤΠΟΘΕΣΙΣ

194 830 408 883 ’Ἐπεμψαν
428 833 623 884 βοήθειαν
643 836 724 880 τοῖς
733 827 957 878 Ὀλυνθίοις
978 833 1018 871 οἵ
1031 827 1250 883 Ἀθηναῖοι,
1263 832 1331 870 καί
1346 847 1381 870 τι
1394 846 1483 869 κατ-

144 901 297 950 ορθοῦν
322 897 460 945 ἔδοξαν
487 894 539 936 δι’
563 897 701 948 αὐτῆς·
728 895 793 935 καὶ
818 892 926 935 ταῦτ’
950 896 1084 943 αὐτοῖς
1103 895 1370 948 ἀπηγγέλλετο.
1403 894 1422 935 ὁ
1444 894 1484 934 δὲ

145 963 268 1013 δῆμος
299 962 520 1015 περιχαρής,
553 963 596 1001 οῖ’
620 977 657 1001 τε
683 961 842 1014 ῥήτορες
873 964 1187 1013 παρακαλοῦντες
1212 960 1274 1000 ἐπὶ
1298 962 1486 1012 τιμωρίαν

149 1027 360 1066 Φιλίππου.
395 1026 414 1067 ὅ
437 1025 477 1066 δὲ
497 1025 761 1077 Δημοσθένης
782 1025 966 1072 δεδοικὼς
988 1025 1040 1076 μὴ
1061 1025 1343 1077 θαρσήσαντες,
1369 1024 1421 1072 ὡς
1441 1024 1486 1063 τὰ

111 1110 125 1135 5
146 1092 272 1131 πάντα
285 1092 530 1143 νενικηκότες
544 1090 608 1130 καὶ
629 1090 770 1141 ἱκανὴν
789 1090 983 1142 βοήθειαν
996 1088 1251 1140 πεποιημένοι
1264 1094 1344 1137 τοῖς
1352 1087 1486 1128 Ὀλυν-

145 1157 267 1207 θίοις,
287 1163 363 1195 τῶν
383 1160 530 1196 λοιπῶν
550 1155 826 1208 ὀλιγωρήσωσι,
848 1154 912 1194 διὰ
931 1160 1043 1193 τοῦτο
1064 1153 1272 1205 παρελθὼν
1292 1153 1487 1194 ἐπικύπτει

146 1222 217 1273 τὴν
243 1220 470 1269 ἀλαζονείαν
496 1220 625 1261 αὐτῶν
651 1219 715 1259 καὶ
740 1220 837 1271 πρὸς
862 1219 1066 1270 εὐλάβειαν
1090 1218 1277 1270 σώφρονα
1296 1218 1368 1269 τὴν
1387 1219 1486 1271 γνώ-

147 1302 225 1337 μην
252 1287 472 1337 μεθίστησι,
498 1285 618 1338 λέγων
638 1285 685 1324 οὐ
705 1284 792 1336 περὶ
812 1291 880 1336 τῆς
903 1284 1102 1323 Φιλίππου
1121 1284 1305 1335 τιμωρίας
1325 1289 1400 1322 νῦν
1419 1283 1486 1324 αὐ-

147 1355 227 1398 τοῖς
252 1347 352 1390 εἶναι
377 1350 445 1390 τὸν
470 1351 600 1402 λόγον,
625 1349 721 1388 ἀλλὰ
747 1349 833 1401 περὶ
859 1355 927 1400 τῆς
949 1355 1026 1387 τῶν
1052 1348 1265 1399 συμμάχων
1285 1349 1486 1399 σωτηρίας.

78 1420 127 1455 28
149 1411 254 1454 οἶδεν
279 1414 352 1468 γὰρ
379 1415 436 1454 ὅτι
476 1414 541 1453 καὶ
563 1410 771 1465 Ἀθηναῖοι
796 1413 860 1452 καὶ
886 1412 994 1452 ἄλλοι
1019 1413 1097 1452 πού
1123 1427 1223 1459 τινες
1244 1419 1312 1451 τοῦ
1339 1411 1408 1463 μὲν
1435 1413 1487 1463 μὴ

94 1494 127 1519 11
148 1479 193 1519 τὰ
219 1480 340 1519 οἰκεῖα
366 1479 558 1531 προέσθαι
583 1485 788 1518 ποιοῦνται
815 1478 1019 1530 φροντίδα,
1044 1476 1130 1528 περὶ
1151 1476 1191 1516 δὲ
1211 1477 1252 1517 τὸ
1273 1477 1487 1529 τιμωρήσα-

149 1548 245 1584 σθαι
264 1544 356 1592 τοὺς
376 1544 576 1591 ἐναντίους
596 1539 711 1594 ἧττον
731 1543 1030 1590 σπουδάζουσιν.
1051 1541 1091 1581 ἕν
1113 1541 1154 1581 δὲ
1174 1542 1296 1597 τούτῳ
1316 1547 1367 1597 τῷ
1389 1542 1487 1597 λόγῳ
1513 1547 1533 1577 2

149 1608 214 1648 καὶ
239 1616 307 1661 τῆς
326 1608 412 1660 περὶ
431 1615 508 1647 τῶν
528 1613 732 1660 θεωρικῶν
751 1609 956 1660 χρημάτων
976 1609 1201 1658 συμβουλῆς
1220 1607 1489 1658 φανερώτερον

150 1674 320 1725 ἅπτεται,
340 1673 404 1712 καὶ
417 1673 518 1720 ἄξιοι
509 1677 705 1724 λυθῆναι
719 1673 810 1720 τοὺς
824 1672 970 1723 νόμους
982 1672 1072 1719 τοὺς
1087 1671 1330 1718 ἐπιτιθέντας
1349 1673 1488 1722 ζημίαν

98 1751 130 1777 15
151 1743 230 1786 τοῖς
255 1739 455 1791 γραψασιν
475 1737 573 1778 αὐτὰ
592 1737 776 1790 γενέσθαι
796 1737 1059 1788 στρατιωτικά,
1086 1732 1136 1775 ἶν’
1161 1735 1306 1784 ἀδεὲς’
1288 1753 1313 1792 ῃ
1332 1736 1373 1775 τὸ
1395 1749 1489 1787 συμ-

151 1803 354 1854 βουλεύειν
384 1802 430 1841 τὰ
461 1802 644 1853 βέλτιστα.
685 1806 871 1853 παραινεῖ
897 1800 937 1840 δὲ
968 1817 1033 1840 και
1065 1801 1163 1848 ὅλως
1193 1801 1290 1852 πρὸς
1322 1801 1388 1839 τὸν
1413 1807 1490 1840 τῶν

152 1867 359 1920 προγόνων
379 1869 493 1918 ζῆλον
513 1866 727 1918 ἀναστῆναι
747 1866 811 1905 καὶ
831 1866 1108 1918 στρατεύεσθαι
1128 1866 1302 1916 σώμασιν
1322 1866 1491 1915 οἰκείοις,

153 1931 218 1971 καὶ
244 1931 459 1983 ἐπιτιμήσει
484 1935 607 1986 πολλῇ
633 1931 809 1983 κέχρηται
835 1930 929 1969 κατὰ
955 1937 1023 1970 τοῦ
1051 1930 1178 1981 δήμου
1198 1927 1246 1968 θ’
1270 1929 1322 1977 ὡς
1341 1929 1491 1969 ἐκλελυ-

154 1996 274 2048 μένου
304 1995 369 2035 καὶ
401 2002 477 2035 τῶν
505 1997 748 2047 δημαγωγῶν
776 1993 827 2042 ὡς
854 1994 926 2034 οὐκ
952 1993 1084 2046 ὀρθῶς
1109 1993 1400 2046 προϊσταμένων
1425 2001 1492 2046 τῆς

100 2075 133 2100 20
152 2061 309 2108 πόλεως.

214 2146 325 2201 Οὐχὶ
343 2145 478 2187 ταύτὰ
497 2146 756 2199 παρίσταταί
773 2160 845 2198 μοι
865 2145 1125 2199 γιγνώσκειν
1146 2141 1178 2186 ὦ
1199 2145 1355 2199 ἄνδρες
1369 2141 1491 2198 Ἀθη-
1502 2145 1634 2174 Pt000m·

155 2223 284 2270 ναῖοι,
310 2216 414 2258 ὅταν
439 2213 474 2257 τ’
501 2217 560 2265 εἰς
586 2216 637 2257 τὰ
662 2214 873 2270 πράγματ’
906 2214 1133 2269 ἀποβλέψω
1159 2215 1231 2257 καὶ
1257 2215 1362 2256 ὅταν
1386 2215 1493 2269 πρὸς
