1689 2531
213 71 268 113 86
699 73 1074 107 ΔΗΜΟΣΘΕΝΟΤΣ
1472 75 1564 119 [VD]

145 180 186 211 18
215 165 282 222 ἆρ’
315 168 443 223 ὁρᾶτε
469 168 540 209 καὶ
568 166 784 223 λογίζεσθ’
826 165 859 209 ὦ
886 169 1043 223 ἄνδρες
1061 166 1286 224 Ἀθηναῖοι
1312 170 1392 224 τὴν
1418 168 1564 211 ἐπιοῦ-

142 892 182 922 19

214 251 297 281 σαν
328 239 448 293 ὥραν
479 245 557 281 τοῦ
590 237 732 293 ἔτους,
765 240 824 289 εἰς
858 240 915 294 ’ἣν
947 237 1109 294 ἔρημόν
1134 256 1248 290 τινες
1275 240 1443 282 οἴονται
1470 241 1564 282 δεῖν

212 312 290 352 τὸν
300 310 623 365 Ἑλλήσποντον
637 310 761 362 ὑμῶν
775 316 952 364 ποιῆσαι
967 311 1038 352 καὶ
1052 312 1328 365 παραδοῦναι
1344 312 1564 368 Φιλίππῳ;

211 384 256 423 τί
281 379 338 435 δ’,
365 381 419 423 ἂν
446 381 655 423 ἀπελθὼν
682 381 728 423 ἐκ
753 379 922 438 Θρᾴκης
948 382 1020 423 καὶ
1046 382 1154 436 μηδὲ
1173 383 1437 437 προσελθὼν
1455 386 1566 437 Χερ-

212 455 385 510 ρονήσῳ
417 453 527 507 μηδὲ
558 455 782 509 Βυζαντίῳ
817 452 907 509 (καὶ
939 454 1022 507 γὰρ
1054 459 1191 495 ταῦτα
1225 452 1469 510 λογίζεσθε)
1498 453 1566 495 ἐπὶ
1587 473 1601 498 5

211 525 408 566 Χαλκίδα
440 525 512 566 καὶ
546 522 714 578 Me‘yoep'
753 525 834 581 ἥκῃ
867 525 945 565 τὸν
977 524 1113 566 αὐτὸν
1144 526 1309 579 τρόπον
1336 525 1469 579 ὅνπερ
1498 523 1561 566 ἐπ’

203 596 364 650 Ὠρεὸν
384 593 544 653 πρῴην,
569 597 757 650 πότερον
777 603 975 649 κρεῖττον
990 593 1142 637 ἐνθάδ’
1169 596 1305 637 αὐτὸν
1318 595 1567 648 ἀμύνεσθαι

210 667 281 708 καὶ
307 671 576 721 προσελθεῖν
607 668 685 709 τὸν
711 668 903 719 πόλεμον
929 668 1036 720 πρὸς
1062 668 1142 721 τὴν
1159 665 1354 722 Ἀττικὴν
1380 666 1516 722 ἐᾶσαι,
1542 667 1565 721 ἢ

209 739 544 790 κατασκευάζειν
571 737 659 780 ἐκεῖ
683 735 764 780 τιν’
797 738 1006 793 ἀσχολίαν
1034 738 1172 796 caing-33
1205 737 1288 792 ἐγὼ
1315 738 1395 791 μὲν
1421 738 1566 791 οἴομαι

210 815 352 851 τοῦτο.
1586 828 1619 853 10

277 884 421 922 Ταῦτα
454 882 609 922 τοίνυν
645 881 836 930 ἅπαντας
864 882 1032 931 εἰδότας
1058 882 1129 922 καὶ
1156 880 1460 935 λογιζομένους
1486 881 1566 936 χρὴ

212 952 271 1004 μὰ
297 950 369 993 Δί’
398 952 476 1007 οὐχ
498 952 552 1006 ἣν
573 954 820 1006 Διοπείθης
841 958 1041 1006 πειρᾶται
1061 960 1112 1006 τῇ
1133 954 1256 994 πόλει
1278 953 1469 1005 δύναμιν
1488 966 1568 993 πα-

212 1023 509 1078 ρασκευάζειν,
534 1023 698 1077 ταύτην
724 1025 981 1077 βασκαίνειν
1001 1024 1072 1065 καὶ
1093 1025 1297 1065 διαλῦσαι
1317 1027 1568 1077 πειρᾶσθαι,

213 1093 304 1136 ἀλλ’
339 1094 491 1149 ἑτέραν
505 1095 665 1144 αὐτοὺς
680 1096 1139 1149 προσπαρασκευάζειν
1153 1096 1224 1136 καὶ
1239 1101 1567 1148 συνευποροῦν-

213 1181 287 1215 τας
304 1164 453 1222 ἐκείνῳ
469 1165 701 1220 χρημάτων
715 1166 786 1206 καὶ
801 1164 917 1207 τᾶλλ’
939 1167 1106 1216 οἰκείως
1123 1165 1565 1220 συναγωνιζομένους.
1587 1183 1620 1208 15

140 1247 185 1277 20
213 1238 249 1278 εἰ
270 1237 353 1290 γάρ
374 1253 438 1286 τις
459 1235 602 1290 ἔροιτο
627 1238 866 1278 Φίλιππον·
892 1237 1012 1291 ,,εἱπέ
1029 1254 1116 1292 μοι,
1140 1235 1284 1291 πότερ’
1311 1236 1366 1279 ἂν
1386 1237 1565 1292 βούλοιο

137 1888 177 1919 21

208 1308 392 1357 τούτους
419 1309 521 1357 τοὺς
555 1308 819 1363 στρατιώτας
847 1308 922 1357 οὓς
949 1309 1195 1362 Διοπείθης
1227 1314 1312 1350 νῦν
1339 1306 1438 1364 ἔχει,
1464 1310 1566 1358 τοὺς

209 1379 609 1421 ὁποιουστινασοῦν
625 1378 777 1435 (οὐδὲν
791 1380 873 1434 γὰρ
890 1379 1120 1435 ἀντιλέγω)
1144 1379 1348 1421 εὐθενεῖν
1369 1380 1440 1421 καὶ
1460 1378 1559 1435 παρ’

198 1448 448 1504 Ἀθηναίοις
482 1449 680 1500 εὐδοξεῖν
712 1451 783 1492 καὶ
815 1452 992 1500 πλείους
1023 1452 1259 1505 γίγνεσθαι
1294 1457 1368 1505 τῆς
1400 1452 1566 1501 πόλεως

209 1521 627 1576 συναγωνιζομένης,
652 1521 676 1575 5}
693 1522 1022 1575 διαβαλλόντων
1037 1529 1171 1563 τινῶν
1185 1522 1256 1564 καὶ
1270 1523 1566 1577 κατηγορούν-
1586 1539 1619 1564 20

207 1608 295 1633 των
334 1594 664 1646 διασπασθῆναι
702 1593 774 1634 καὶ
813 1593 1164 1648 διαφθαρῆναιςζι
1201 1591 1320 1635 ταῦτ’
1359 1593 1413 1635 ἂν
1445 1588 1565 1646 οἶμαι

208 1666 401 1718 φήσειεν.
436 1660 520 1706 εἷθ’
559 1664 584 1706 ἑὲ
616 1665 831 1714 Φίλιππος
852 1664 906 1705 ἂν
927 1664 1098 1714 εὔξαιτο
1118 1671 1208 1714 τοῖς
1237 1663 1241 1719 ἱ
1269 1668 1405 1719 θεοῖς,
1430 1663 1559 1706 ταῦθ’
1586 1668 1636 1702 95

207 1736 330 1789 ἡμῶν
364 1751 479 1785 τινες
513 1734 676 1777 ἐνθάδε
707 1736 995 1789 πράττουσιν;
1029 1731 1102 1778 εἶτ’
1141 1734 1204 1777 ἔτι
1237 1739 1396 1790 ζητεῖτε
1421 1737 1565 1778 πόθεν

207 1807 258 1848 τὰ
285 1813 358 1860 τῆς
385 1809 550 1857 πόλεως
571 1806 798 1849 ἀπόλωλεν
825 1808 1012 1859 ἄπαντα;

267 1878 490 1931 Βούλομαι
510 1879 665 1920 τοίνυν
679 1879 843 1932 <πρὸς>
856 1878 967 1931 ὑμᾶς
987 1879 1092 1930 μετὰ
1112 1879 1354 1932 παρρησίας
1370 1876 1564 1928 ἐξετάσαι
1585 1894 1617 1919 25

207 1950 259 1990 τὰ
284 1951 482 2001 παρόντα
507 1950 737 2004 πράγματα
757 1957 809 2005 τῇ
829 1951 965 2004 πόλει,
991 1950 1062 1991 καὶ
1083 1949 1332 1999 σκέψασθαι
1351 1951 1395 1991 τί
1412 1955 1565 1991 ποιοῦ-

207 2036 287 2072 μεν
313 2020 438 2062 αὐτοὶ
458 2026 543 2062 νῦν
563 2021 634 2062 καὶ
656 2021 771 2070 ὅπως
790 2020 981 2075 χρώμεθ’
1009 2020 1167 2069 αὐτοῖς.
1200 2021 1321 2074 ἡμεῖς
1342 2021 1442 2062 οὔτε
1462 2023 1564 2075 χρή-

207 2089 301 2143 ματ’
330 2090 552 2145 εἰσφέρειν
572 2091 809 2145 βουλόμεθ’
837 2089 927 2134 οὔτ’
954 2091 1080 2133 αὐτοὶ
1108 2091 1437 2145 στρατεύεσθαι,
1463 2091 1563 2132 οὔτε

206 2169 295 2203 τῶν
327 2169 490 2204 κοινῶν
523 2161 765 2217 ἀπέχεσθαι
804 2162 1047 2216 δυνάμεθα,
1085 2162 1186 2203 οὔτε
1223 2162 1298 2211 τὰς
1338 2160 1563 2212 συντάξεις

208 2234 444 2275 Διοπείθει
478 2233 677 2287 δίδομεν,
708 2231 808 2274 οὔθ’
842 2231 905 2275 ὄσ’
939 2232 993 2275 ἓὶν
1026 2232 1155 2282 αὐτὸς
1188 2232 1305 2289 αὑτῷ
1331 2233 1563 2286 πορίσηται
1582 2250 1617 2276 30
