1689 2531
89 49 181 93 xm]
545 49 661 81 ΠΕΡΙ
684 48 978 86 ΣΤΝΤΑΞΕῼΣ
1347 49 1428 90 159

90 143 162 185 καὶ
192 144 266 193 τὰς
297 142 471 197 πράξεις
503 142 656 198 ἐφεξῆς
688 143 871 198 διέλθοι,
906 142 998 186 οὐδ’
1031 143 1085 186 ἂν
1117 139 1176 194 εἷς
1202 146 1430 187 πιστεύσαι

90 221 178 256 τῶν
222 214 366 256 αὐτῶν
410 210 522 256 εἶναι
565 220 699 255 ταῦτα
742 214 930 257 κάκεῖνα.
975 209 1071 257 οἷον
1108 215 1135 257 ἃ
1177 217 1284 271 πρὸς
1328 218 1429 266 τοὺς

90 285 356 339 καταράτους
381 284 612 339 Μεγαρέας
645 283 912 339 ἐψηφίσασθ’
944 285 1319 339 ἀποτεμνομένους
1350 289 1430 341 τὴν

91 355 268 410 ὀργάδα,
293 354 463 410 ἐξιέναι,
487 356 686 409 κωλύειν,
710 357 766 410 μὴ
794 355 1056 410 ἐπιτρέπειν·
1088 357 1113 399 ἃ
1139 359 1245 412 πρὸς
1277 360 1430 399 Φλεια-

54 428 230 481 5σίους,
267 424 327 468 ὅτ’
371 425 573 476 ἐξέπεσον
609 424 808 481 ἔναγχος,
844 430 1049 482 βοηθεῖν,
1090 429 1147 482 μὴ
1186 427 1430 483 ἐπιτρέπειν

89 504 177 547 τοῖς
205 503 433 551 σφαγεῦσι,
463 504 551 539 τῶν
583 496 630 538 ἐν
656 500 981 555 Πελοποννήσῳ
1008 501 1109 548 τοὺς
1134 499 1430 552 βουλομένους

89 571 365 623 παρακαλεῖν.
410 568 578 609 ἅπαντα
621 569 730 609 καλὰ
767 566 800 610 ὦ
845 570 999 623 ἄνδρες
1028 567 1252 623 Ἀθηναῖοι
1296 577 1431 612 ταῦτα

0 643 67 679 [76
89 640 159 681 καὶ
189 656 192 696 χ
222 640 367 681 δίκαια
401 640 471 680 καὶ
503 645 576 693 τῆς
613 640 777 688 πόλεως
810 639 924 689 ἄξια·
960 641 1012 681 τὰ
1044 638 1149 694 ἔργα
1187 641 1234 682 δὲ
1269 643 1320 682 τὰ
1346 641 1429 683 ἀπὸ

89 710 257 752 τούτων
294 709 501 762 οὐδαμοῦ.
541 710 704 751 οὐκοῦν
741 711 820 764 τὴν
855 711 934 762 μὲν
970 710 1208 766 ἀπέχθειαν
1241 712 1313 753 διὰ
1343 719 1431 753 τῶν

37 799 70 824 ιο
88 780 381 835 ψηφισμάτων
416 779 668 834 ἐκφέρεσθε,
705 788 792 822 τῶν
828 779 865 822 δ’
896 779 1038 835 ἔργων
1073 782 1254 832 οὐδενὸς
1286 783 1429 837 κύριοι

90 853 317 906 γίγνεσθε·
353 852 405 892 τὰ
436 851 516 904 μὲν
547 852 628 905 γὰρ
661 853 917 906 ψηφίσματα
948 854 1055 906 πρὸς
1086 854 1134 894 τὸ
1167 860 1240 907 τῆς
1267 855 1430 903 πόλεως

91 922 254 975 ἀξίωμα
284 924 540 976 ψηφίζεσθε,
571 923 651 976 τὴν
684 923 872 975 δύναμιν
904 921 941 964 δ’
974 923 1053 964 οὐκ
1085 923 1336 965 ἀκόλουθον
1368 922 1430 966 ὧν

88 991 321 1048 ψηφίζεσθ’
347 991 473 1047 ἔχετε.
512 991 595 1046 ἐγὼ
622 993 669 1034 δὲ
694 992 995 1047 παραινέσαιμ’
1028 993 1081 1035 ἂν
1106 992 1210 1046 ὑμῖν
1243 993 1335 1049 (καί
1358 1011 1430 1047 μοι

89 1064 225 1119 μηδὲν
247 1062 501 1119 ὀργισθῆτε)
529 1062 708 1105 ἔλαττον
728 1071 912 1117 φρονεῖν
932 1065 1001 1105 καὶ
1027 1065 1078 1106 τὰ
1101 1062 1261 1118 ὑμέτερ’
1287 1065 1432 1106 αὐτῶν

38 1155 70 1181 15
90 1135 262 1189 ἀγαπᾶν
288 1135 566 1189 πράττοντας,
597 1134 622 1188 ἣ
649 1137 774 1187 μείζω
802 1135 990 1187 δύναμιν
1016 1136 1431 1189 παρασκευάζεσθαι,

89 1207 126 1248 εἰ
158 1206 237 1258 μὲν
270 1203 350 1247 οὖν
376 1207 584 1259 Σιφνίοις
610 1206 634 1259 η
664 1207 880 1254 Κυθνίοις
912 1206 938 1259 ἥ
970 1217 1085 1247 τισιν
1117 1207 1263 1255 ἄλλοις
1289 1208 1431 1248 τοιού-

88 1292 178 1326 τοις
216 1273 344 1318 οὖσιν
383 1274 591 1334 συνῄδειν
627 1274 744 1330 ὑμῖν,
781 1274 959 1317 ἔλαττον
998 1284 1182 1331 φρονεῖν
1221 1278 1431 1331 συνεβού-

90 1351 220 1390 λευον
258 1348 330 1389 ἄν·
374 1346 521 1401 ἐπειδὴ
561 1346 598 1388 δ’
643 1344 727 1388 ἔστ’
761 1345 998 1401 Ἀθηναῖοι,
1037 1349 1085 1389 τὸ
1124 1349 1203 1402 τὴν
1242 1348 1431 1400 δύναμιν

89 1418 506 1472 παρασκευάσασθαι
554 1424 766 1471 παραινῶ·
830 1419 1010 1472 αἰσχρὸν
1053 1419 1134 1472 γὰρ
1192 1415 1224 1459 ὦ
1275 1419 1430 1472 ἄνδρες

35 1509 68 1534 20
89 1487 326 1543 Ἀθηναῖοι,
346 1489 527 1543 αἰσχρὸν
554 1492 696 1529 λιπεῖν
715 1489 795 1542 τὴν
819 1494 897 1529 τοῦ
919 1490 1195 1542 φρονήματος
1215 1488 1348 1542 τάξιν,
1374 1490 1428 1543 ἣν

88 1558 193 1613 ὑμῖν
214 1561 253 1602 οἱ
274 1561 485 1614 πρόγονοι
505 1559 773 1612 παρέδωκαν.
805 1560 911 1613 πρὸς
933 1559 979 1600 δὲ
999 1560 1169 1608 τούτοις
1190 1557 1284 1601 οὐδ’
1310 1557 1429 1601 ἔστιν

90 1629 157 1685 ἐφ’
182 1628 299 1684 ὑμῖν,
325 1628 416 1671 οὐδ’
444 1629 498 1670 ἂν
524 1629 763 1682 ἀποστῆναι
789 1637 877 1671 τῶν
896 1628 1162 1684 Ἑλληνικῶν
1187 1631 1429 1683 βούλησθε·

89 1702 228 1744 πολλὰ
258 1702 340 1755 γὰρ
372 1698 477 1753 ὑμῖν
510 1699 554 1741 ἐκ
587 1702 747 1749 παντὸς
779 1707 856 1741 τοῦ
889 1702 1050 1755 χρόνου
1077 1700 1328 1755 πέπρακται,
1359 1702 1430 1742 καὶ

88 1774 190 1822 τοὺς
210 1772 289 1824 μὲν
310 1773 465 1826 φίλους
485 1773 586 1820 τοὺς
606 1769 878 1825 ὑπάρχοντας
899 1772 1079 1825 αἰσχρὸν
1093 1771 1321 1825 προέσθαι,
1340 1779 1429 1821 τοῖς

35 1863 68 1888 25
89 1842 126 1885 δ’
159 1840 286 1885 οὖσιν
319 1841 494 1896 ἐχθροῖς
520 1841 600 1883 οὐκ
625 1840 691 1882 ἔνι
717 1848 945 1883 πιστεῦσαι
970 1843 1041 1883 καὶ
1067 1842 1280 1895 μεγάλους
1307 1841 1428 1883 ἐᾶσαι

87 1914 308 1969 γενέσθαι.
353 1914 461 1962 ὅλως
497 1910 534 1953 δ’
573 1913 676 1966 ὅπερ
713 1914 752 1954 οἱ
789 1914 1116 1964 πολιτευόμενοι
1152 1914 1428 1954 πεπόνθασιν

87 1986 193 2039 πρὸς
219 1982 327 2037 ὑμᾶς
359 1983 459 2039 (οὐκ
484 1981 654 2025 ἔνεστιν
679 1983 838 2037 αὐτοῖς,
858 1984 962 2025 ὅταν
981 1983 1239 2037 βούλωνται,
1264 1983 1429 2024 παύσα-

89 2055 214 2109 σθαι)
235 2061 364 2096 τοῦτο
391 2054 461 2095 καὶ
483 2052 587 2106 ὑμῖν
607 2053 903 2108 περιέστηκεν
929 2055 1246 2095 πεπολίτευσθε
1271 2055 1352 2108 γὰρ
1381 2052 1428 2095 ἐν

78 2116 176 2176 τοῖς
193 2123 410 2179 ’Ἕλλησιν

35 2215 68 2240 30
136 2194 258 2238 ’Ἐστι
291 2194 327 2237 δ’
360 2193 392 2237 ὦ
419 2196 574 2249 ἄνδρες
595 2193 814 2249 Ἀθηναῖοι
846 2194 1085 2248 κεφάλαιον
1111 2193 1314 2236 ἁπάντων
1340 2202 1427 2237 τῶν

1457 581 1500 613 33

1457 1006 1502 1036 34

1453 1502 1503 1527 111
1517 1502 1551 1527 36

1456 1573 1499 1603 35

1453 2207 1496 2238 36
