1689 2531
147 93 195 138 Π]
630 92 953 125 οΑΤΝΘΙΑΚοΣ
977 93 1006 124 Β
1436 91 1489 132 19

148 189 221 231 καὶ
251 193 358 230 πᾶσι
388 187 524 230 ταύτὰ
556 186 757 242 συμφέρῃ
790 195 882 236 τοῖς
913 187 1139 242 μετέχουσι
1170 193 1249 228 τοῦ
1283 187 1490 241 πολέμου,

149 260 219 301 καὶ
246 265 487 313 συμπονεῖν
511 258 584 300 καὶ
610 257 762 312 φέρειν
787 259 870 307 τὰς,
889 259 1120 312 συμφορὰς
1138 258 1210 299 καὶ
1229 257 1377 311 μένειν
1398 257 1491 300 ἐθέ-

152 335 307 373 λουσιν
338 330 586 383 ἅνθρωποι·
619 329 726 370 ὅταν
758 328 794 370 δ’
828 327 874 370 ἐκ
899 327 1147 379 πλεονεξίας
1178 329 1249 370 καὶ
1280 331 1491 384 πονηρίας

151 417 215 451 τις
241 401 384 454 ὥσπερ
412 396 541 449 οὗτος
568 400 741 454 ἰσχύσῃ,
767 399 793 453 ἡ
819 401 967 454 πρώτη
994 401 1213 454 πρόφασις
1238 399 1310 440 καὶ
1334 401 1492 454 μικρὸν

116 489 130 515 5
149 468 326 525 πταῖσμ’
358 470 512 512 ἅπαντ’
538 470 810 524 ἀνεχαίτισεν
835 469 906 512 καὶ
927 470 1140 512 διέλυσεν.
1174 470 1225 512 οὐ
1252 471 1334 524 γὰρ
1358 468 1491 522 ἔστιν,
1519 481 1562 512 10

152 543 233 584 οὐκ
251 540 371 583 ἔστιν
392 539 424 583 ὦ
440 542 596 595 ἄνδρες
606 540 842 595 Ἀθηναῖοι,
862 541 1100 583 ἀδικοῦντα
1119 541 1190 582 καὶ
1205 539 1492 595 ἐπιορκοῦντα

81 618 130 654 21
152 613 223 654 καὶ
254 613 530 665 ψευδόμενον
561 612 754 666 δύναμιν
784 614 967 666 βεβαίαν
998 615 1274 667 κτήσασθαι,
1307 611 1415 653 ἀλλὰ
1441 613 1492 653 τὰ

151 683 316 725 τοιαῦτ’
348 685 410 732 εἰς
441 681 523 737 μὲν
555 681 665 732 ἅπαξ
697 683 768 724 καὶ
801 684 968 736 βραχὺν
1003 685 1164 737 χρόνον
1199 681 1386 736 ἀντέχει,
1421 680 1492 723 καὶ

153 755 324 808 σφόδρα
344 752 384 807 γ’
409 755 607 807 ἤνθησεν
627 751 696 794 ἐπὶ
717 760 809 802 ταῖς
831 752 1015 803 ἐλπίσιν,
1042 753 1096 794 ἂν
1121 753 1242 808 τύχῃ,
1266 758 1324 809 τῷ
1352 753 1492 808 χρόνῳ

101 844 134 878 19
154 826 202 867 δὲ
228 833 426 879 φωρᾶται
452 823 524 865 καὶ
555 824 654 876 περὶ
681 823 790 864 αὑτὰ
817 831 1032 876 καταρρεῖ.
1078 824 1219 877 ὥσπερ
1246 824 1329 877 γὰρ
1356 825 1496 872 οἰκίας

153 893 272 949 οἶμαι
315 895 387 937 καὶ
430 896 587 936 πλοίου
633 893 703 935 καὶ
745 901 834 935 τῶν
875 895 1016 936 ἄλλων
1059 902 1148 936 τῶν
1190 895 1403 935 τοιούτων
1442 894 1494 935 τὰ

153 967 353 1009 κάτωθεν
375 962 618 1020 ἰσχυρότατ’
640 960 751 1006 εἶναι
773 965 852 1014 δεῖ,
873 964 986 1006 οὕτω
1007 965 1077 1006 καὶ
1097 972 1185 1006 τῶν
1203 964 1400 1019 πράξεων
1420 964 1496 1013 τὰς

154 1037 287 1093 ἀρχὰς
306 1037 378 1079 καὶ
398 1038 473 1085 τὰς
492 1035 729 1084 ὑποθέσεις
750 1034 930 1088 ἀληθεῖς
950 1035 1021 1076 καὶ
1042 1036 1211 1084 δικαίας
1232 1032 1343 1076 εἶναι
1363 1046 1495 1089 προσ-

153 1111 259 1163 ήκει.
305 1114 435 1149 τοῦτο
470 1105 507 1148 δ’
547 1105 626 1148 οὐκ
666 1108 731 1147 ε’νι
763 1111 848 1146 νῦν
879 1103 927 1147 ἐν
959 1112 1050 1155 τοῖς
1077 1105 1394 1159 πεπραγμένοις
1424 1107 1496 1147 Φι-

103 1197 134 1222 15
156 1182 310 1230 λίππῳ.

217 1248 334 1304 Φημὶ
368 1250 420 1302 δὴ
449 1249 543 1290 δεῖν
568 1247 679 1301 ἡμᾶς
704 1254 796 1296 τοῖς
821 1244 900 1300 μὲν
919 1244 1170 1296 Ὀλυνθίοις
1195 1249 1393 1301 βοηθεῖν,
1424 1245 1495 1288 καὶ
1525 1258 1564 1288 11

156 1321 270 1370 ὅπως
295 1335 359 1369 τις
380 1319 495 1372 λέγει
514 1319 722 1360 κάλλιστα
747 1318 818 1359 καὶ
838 1316 1029 1371 τάχιστα,
1059 1318 1196 1366 οὕτως
1215 1317 1385 1371 ἀρέσκει
1406 1329 1497 1371 μοι·

155 1392 265 1443 πρὸς
297 1388 344 1432 δὲ
374 1391 617 1437 Θετταλοὺς
647 1390 883 1442 πρεσβείαν
914 1387 1111 1441 πέμπειν,
1143 1389 1169 1442 ἣ
1201 1390 1303 1437 τοὺς
1327 1388 1407 1440 μὲν
1433 1389 1496 1429 δι-

157 1462 275 1512 δάξει
315 1467 470 1514 ταῦτα,
513 1462 616 1508 τοὺς
655 1457 701 1500 δὲ
739 1459 990 1512 παροξυνεῖ·
1033 1459 1104 1500 καὶ
1142 1459 1224 1512 γὰρ
1263 1464 1348 1499 νῦν
1386 1460 1498 1500 εἰσιν

103 1552 136 1577 20
156 1531 444 1587 ἐψηφισμένοι
491 1530 697 1583 Παγασὰς
741 1529 940 1570 ἀπαιτεῖν
981 1529 1051 1570 καὶ
1096 1528 1194 1582 περὶ
1236 1530 1498 1582 Μαγνησίας

157 1605 317 1657 λόγους
359 1606 597 1643 ποιεῖσθαι.
643 1604 879 1641 σκοπεῖσθε
922 1599 1071 1652 μέντοι
1115 1598 1232 1640 τοῦτ’
1271 1596 1303 1640 ὦ
1343 1600 1500 1655 ἄνδρες
1527 1609 1569 1641 12

156 1673 392 1727 Ἀθηναῖοι,
418 1672 533 1721 ὅπως
552 1673 608 1725 μὴ
636 1672 793 1724 λόγους
820 1669 997 1722 ἐροῦσιν
1022 1672 1161 1724 μόνον
1187 1671 1227 1711 οἱ
1253 1669 1352 1723 παρ’
1378 1671 1500 1724 ἡμῶν

157 1744 372 1799 πρέσβεις,
398 1743 507 1784 ἀλλὰ
526 1740 597 1783 καὶ
618 1740 750 1796 ἔργον
775 1757 816 1782 τι
843 1741 1063 1782 δεικνύειν
1089 1739 1275 1794 ἕξουσιν,
1302 1740 1499 1794 ἐξεληλυ-

158 1816 307 1858 θότων
331 1814 455 1866 ὑμῶν
481 1812 607 1862 ἀξίως
633 1818 708 1866 τῆς
727 1813 892 1860 πόλεως
912 1810 982 1852 καὶ
1003 1812 1144 1852 ὄντων
1164 1809 1233 1852 ἐπὶ
1253 1819 1344 1860 τοῖς
1363 1811 1499 1865 προέγ-

107 1903 140 1930 25
159 1897 306 1941 μασιν·
329 1884 386 1933 ὡς
406 1885 516 1933 ἅπας
537 1880 615 1937 μὲν
635 1885 777 1936 λόγος,
803 1881 857 1922 ἂν
877 1881 962 1936 ἀπῇ
983 1883 1034 1923 τὰ
1054 1882 1298 1935 πράγματα,
1317 1881 1500 1936 μάταιόν

159 1972 200 1998 τι
227 1956 429 2009 φαίνεται
455 1954 526 1995 καὶ
551 1955 695 2006 κενόν,
722 1953 905 2006 μάλιστα
931 1951 969 1993 δ’
1002 1951 1024 1993 ὁ
1051 1953 1167 2006 παρὰ
1192 1958 1266 2005 τῆς
1293 1951 1500 2006 ἡμετέρας

160 2027 340 2075 πόλεως·
378 2025 465 2080 ὅσῳ
504 2025 586 2077 γὰρ
625 2021 859 2077 ἑτοιμότατ’
903 2022 1019 2078 αὐτῷ
1046 2023 1264 2076 δοκοῦμεν
1296 2026 1500 2076 χρῆσθαι,

159 2096 353 2151 τοσούτῳ
393 2098 561 2149 μᾶλλον
598 2093 830 2135 ἀπιστοῦσι
866 2093 1024 2142 πάντες
1061 2093 1190 2148 αὐτῷ.
1240 2093 1407 2146 πολλὴν
1446 2092 1499 2145 δὴ
1528 2102 1571 2133 13

161 2168 239 2221 τὴν
275 2166 537 2220 μετάστασιν
573 2163 644 2206 καὶ
682 2164 874 2218 μεγάλην
906 2162 1100 2204 δεικτέον
1130 2164 1211 2216 τὴν
1242 2164 1500 2217 μεταβολήν,

109 2255 143 2281 ³0
163 2236 459 2292 εἰσφέροντας,
486 2234 690 2288 ἐξιόντας,
715 2235 884 2276 ἅπαντα
903 2240 1139 2283 ποιοῦντας
1159 2232 1353 2287 ἑτοίμως,
1380 2237 1498 2288 εἰπερ

1291 2302 1337 2334 2*
