1689 2531
131 227 173 258 23

129 796 173 826 24

128 1437 171 1467 25

127 1864 171 1894 26

203 46 258 86 14
684 47 1059 81 ΔΗΜοΣΘΕΝοΤΣ
1519 51 1548 95 [1

201 142 541 197 ἀποστερήσεται
567 150 656 185 τῶν
680 143 927 199 χρημάτων,
954 145 1014 193 εἰς
1041 145 1198 187 στενὸν
1219 146 1376 201 κομιδῇ
1397 148 1449 189 τὰ
1468 154 1549 204 Υτῆς

200 220 366 269 τροφῆς
398 222 489 263 τοῖς
521 213 662 265 ξένοις
693 215 809 271 αὐτῷ
841 217 1166 269 καταστήσεται.
1217 216 1326 258 ἀλλὰ
1359 219 1446 273 μὴν
1471 220 1548 260 τόν

200 301 248 338 γε
269 287 445 327 Παίονα
464 284 536 327 καὶ
556 286 634 327 τὸν
657 284 874 341 Ἰλλυριὸν
893 285 966 328 καὶ
986 286 1132 336 ἁπλῶς
1151 288 1335 338 τούτους
1355 290 1549 339 ἅπαντας

200 357 405 410 ἡγεῖσθαι
441 358 523 412 χρὴ
560 356 832 410 αὐτονόμους
866 358 995 411 ἣδιον
1030 358 1085 400 ἂν
1120 357 1192 400 καὶ
1225 359 1490 411 ἐλευθέρους
1521 361 1547 414 ἢ

200 429 386 478 δούλους
423 425 553 469 εἶναι·
593 427 664 470 καὶ
703 429 786 483 γὰρ
826 427 979 483 ἀήθεις
1015 436 1095 471 τοῦ
1132 431 1392 473 κατακούειν
1429 434 1583 481 τινός5

199 501 326 554 εἰσιν,
357 498 429 541 καὶ
462 499 700 554 ἅνθρωπος
731 500 959 555 ὑβριστής,
991 502 1048 550 ὥς
1080 513 1229 555 φασιν.
1274 501 1345 544 καὶ
1376 503 1435 555 μά
1466 502 1549 544 Δί’

199 570 333 612 οὐδὲν
354 571 539 612 ἄπιστον
560 575 681 620 ἴσως·
703 571 751 613 τὸ
773 572 855 626 γὰρ
874 569 941 628 [εὖ
961 573 1168 627 πράττειν
1187 574 1304 626 παρὰ
1323 574 1403 627 τὴν
1423 572 1548 624 ἀξίαν

199 641 376 697 ἀφορμὴ
403 648 483 684 τοῦ
510 650 652 692 κακῶς
679 651 865 697 φρονεῖν
890 651 981 692 τοῖς
1001 643 1203 698 ἀνοήτοις
1223 645 1431 699 γίγνεται,
1457 646 1547 687 διό-

198 728 279 767 περ
312 714 521 763 πολλάκις
555 714 674 756 δοκεῖ
706 715 755 756 τὸ
783 713 972 769 φυλάξαι
998 714 1171 768 τάγαθὰ
1198 721 1276 757 τοῦ
1303 718 1548 769 κτήσασθαι

199 785 503 839 χαλεπώτερον
530 782 655 827 εἶναι.
698 786 767 827 δεῖ
790 788 945 827 τοίνυν
965 785 1077 840 ὑμᾶς
1097 784 1129 827 ὦ
1150 787 1306 841 ἄνδρες
1323 785 1549 842 Ἀθηναῖοι

199 856 280 909 τὴν
313 854 518 909 ἀκαιρίαν
549 857 630 910 τὴν
662 854 835 898 ἐκείνου
867 857 1022 911 καιρὸν
1048 856 1261 912 ὑμέτερον
1287 859 1549 911 νομίσαντας

201 924 382 980 ἑτοίμως
411 927 694 983 συνάρασθαι
720 929 772 969 τὰ
797 929 1041 983 πράγματα,
1074 927 1145 970 καὶ
1170 928 1550 984 πρεσβευομένους

202 996 272 1051 ἐφ’
300 997 324 1039 ἃ
351 998 432 1051 δεῖ,
457 998 529 1039 καὶ
556 998 928 1053 στρατευομένους
952 999 1113 1049 αὐτοὺς
1132 999 1203 1041 καὶ
1222 999 1550 1054 παροξύνοντας

200 1070 303 1118 τοὺς
329 1070 489 1118 ἄλλους
516 1070 730 1123 ἅπαντας,
765 1071 1086 1124 λογιζομένους,
1113 1073 1153 1112 εἰ
1180 1074 1396 1120 Φίλιππος
1423 1071 1550 1125 λάβοι

198 1139 298 1181 καθ’
333 1140 456 1194 ἡμῶν
489 1147 692 1182 τοιοῦτον
724 1142 881 1195 καιρὸν
912 1142 983 1184 καὶ
1015 1143 1199 1195 πόλεμος
1234 1142 1406 1196 γένοιτο
1441 1143 1549 1196 πρὸς

197 1218 249 1266 τῇ
276 1212 408 1267 χώρᾳ,
434 1219 524 1261 πῶς
551 1211 606 1254 ἂν
627 1212 763 1254 αὐτὸν
784 1211 926 1254 οἴεσθ’
952 1211 1133 1268 ἑτοίμως
1153 1211 1221 1267 ἐφ’
1247 1213 1360 1268 ὑμᾶς
1379 1212 1548 1263 {mecm

198 1277 273 1323 εἴτ’
308 1283 387 1324 οὐκ
420 1283 701 1337 αἰσχύνεσθε,
733 1285 773 1325 εἰ
802 1281 902 1338 μηδ’
936 1283 961 1325 ἃ
993 1282 1171 1326 πάθοιτ’
1204 1285 1272 1338 ἄν,
1304 1286 1343 1326 εἰ
1375 1283 1542 1327 δύναιτ’

200 1352 378 1407 ἐκεῖνος,
405 1360 541 1395 ταῦτα
566 1361 744 1408 ποιῆσαι
770 1356 926 1408 καιρὸν
953 1357 1123 1409 ἔχοντες
1150 1356 1202 1397 οὐ
1229 1357 1479 1411 τολμήσετε,

245 1423 341 1466 ”En
368 1426 522 1467 τοίνυν
549 1422 581 1467 ὦ
606 1427 764 1481 ἄνδρες
783 1426 1008 1481 Ἀθηναῖοι
1027 1427 1136 1481 μηδὲ
1156 1425 1284 1469 τοῦθ’
1309 1426 1420 1482 ὑμᾶς
1447 1430 1548 1468 λαν-

198 1496 391 1549 θανέτω,
426 1496 491 1538 ὅτι
518 1503 602 1538 νῦν
629 1498 793 1552 αἵρεσίς
826 1497 945 1540 ἐστιν
976 1498 1096 1553 ὑμῖν,
1129 1496 1276 1551 πότερ’
1311 1498 1422 1552 ὑμᾶς
1461 1497 1548 1540 ἐκεῖ

198 1567 279 1621 χρὴ
305 1571 512 1620 πολεμεῖν
539 1567 563 1622 ἢ
589 1566 689 1624 παρ’
715 1569 822 1622 ὑμῖν
849 1568 1029 1611 ἐκεῖνον.
1076 1569 1152 1611 ἐὰν
1177 1567 1257 1622 μὲν
1284 1570 1365 1623 γὰρ
1393 1568 1547 1625 ἀντέχῃ

198 1638 250 1678 τὰ
277 1646 364 1680 τῶν
390 1636 654 1691 Ὀλυνθίων,
686 1640 809 1693 ὑμεῖς
835 1639 925 1682 ἐκεῖ
946 1642 1211 1694 πολεμήσετε
1238 1639 1307 1681 καὶ
1335 1641 1415 1693 τὴν
1443 1639 1549 1681 ἐκεί-

198 1726 281 1751 νου
313 1717 453 1759 κακῶς
485 1712 708 1764 ποιήσετε,
740 1712 820 1765 τὴν
852 1711 1138 1765 ὑπάρχουσαν
1170 1712 1241 1753 καὶ
1273 1711 1352 1765 τὴν
1383 1712 1549 1753 οἰκείαν

198 1781 363 1834 ταύτην
388 1780 527 1830 ἀδεῶς
552 1782 868 1836 καρπούμενον
889 1781 944 1823 ἂν
964 1779 1001 1823 δ’
1023 1782 1166 1824 ἐκεῖνα
1186 1783 1402 1831 Φίλιππος
1422 1782 1548 1837 λάβῃ,

198 1853 262 1901 τίς
295 1851 430 1894 αὐτὸν
465 1854 652 1894 κωλύσει
691 1853 823 1907 δεῦρο
859 1854 1071 1907 βαδίζειν;
1113 1855 1318 1907 Θηβαῖοι;
1356 1855 1413 1908 μὴ
1450 1854 1549 1894 λίαν

198 1924 358 1978 πικρὸν
378 1924 518 1964 εἰπεῖν
544 1919 584 1978 ᾗ,
609 1922 681 1965 καὶ
704 1926 1075 1978 συνεισβαλοῦσιν
1097 1924 1286 1978 ἑτοίμως.
1321 1924 1429 1966 ἀλλὰ
1452 1927 1547 1966 Φω-

198 2001 305 2045 κεῖς;
333 1995 374 2035 οἱ
401 1994 480 2048 τὴν
507 1995 673 2036 οἰκείαν
701 1995 780 2050 οὐχ
808 1988 951 2037 οἷοίτ’
979 1997 1101 2045 ὄντες
1123 1996 1374 2049 φυλάττειν,
1395 1994 1472 2037 ἐὰν
1490 1996 1548 2050 μὴ

198 2063 447 2120 βοηθήσηθ’
475 2065 610 2119 ὑμεῖς.
643 2065 668 2119 ἢ
703 2066 833 2116 ἄλλος
866 2082 948 2121 τις,
982 2063 1074 2108 ἀλλ’
1108 2064 1238 2121 ὧταν,
1265 2065 1363 2121 οὐχὶ
1389 2068 1548 2121 βουλή-

200 2148 331 2178 σεται.
381 2144 470 2178 τῶν
505 2136 797 2179 ἀτοπωτάτων
831 2137 995 2192 μέντᾶν
1027 2142 1112 2192 εἴη,
1146 2140 1187 2180 ει’
1216 2138 1242 2180 ἂ
1274 2144 1359 2180 νῦν
1391 2138 1548 2179 ἄνοιαν

199 2209 483 2263 ὀφλισκάνων
518 2208 632 2262 ὅμως
666 2208 855 2262 ἐκλαλεῖ,
887 2215 1023 2251 ταῦτα
1056 2209 1268 2263 δυνηθεὶς
1299 2210 1355 2263 μὴ
1386 2208 1548 2264 πράξει.

1569 580 1619 615 16

1571 806 1604 832 10

1570 1161 1602 1186 15

1568 1516 1602 1541 20

1568 1870 1602 1896 25

1568 2225 1603 2251 80
