1689 2531
79 121 170 167 vm]
418 121 534 154 ΠΕΡΙ
558 121 656 154 ΤΩΝ
681 122 744 154 EN
769 120 1083 154 ΧΕΡΡΟΝΗΣΩΙ
1370 118 1425 160 83

81 225 132 274 τῇ
158 216 281 260 πόλει
306 217 378 259 καὶ
405 217 588 269 δυνάμει
613 220 752 272 πολλῇ
777 216 876 271 περὶ
895 213 1220 270 Ἑλλήσποντον
1251 215 1313 256 ὢν
1338 229 1430 256 πει-

83 295 208 345 ρᾶται
233 289 484 343 προλαβεῖν,
508 286 590 328 κᾶν
617 286 726 336 ἅπαξ
752 286 1071 339 ὑστερήσωμεν,
1103 283 1252 327 οὐκέθ’
1278 283 1430 336 ἕξομεν

84 365 238 418 σῷσαι,
268 359 366 412 περὶ
397 358 566 400 τούτων
599 356 638 399 δ’
668 358 813 410 οἴομαι
844 357 924 411 τὴν
955 357 1162 411 ταχίστην
1188 355 1431 410 συμφέρειν

14 437 60 471 91
83 431 154 472 καὶ
179 428 515 485 βεβουὶλεῦσθαι
541 429 613 470 καὶ
638 428 1012 482 παρεσκευάσθαι,
1036 427 1108 468 καὶ
1133 427 1189 481 μὴ
1217 433 1306 476 τοῖς
1332 427 1431 479 περὶ

49 521 62 546 5
83 509 171 543 τῶν
203 501 347 542 ἄλλων
378 499 592 554 θορύβοις
624 499 695 540 καὶ
727 506 819 548 ταῖς
845 499 1122 552 κατηγορίαις
1153 496 1236 538 ἀπὸ
1263 497 1432 538 τούτων

83 572 338 626 ἀποδρᾶναι.

142 643 296 685 Πολλὰ
331 642 379 683 δὲ
412 641 651 694 θαυμάζων
691 648 779 682 τῶν
814 641 1038 682 εἰωθότων
1080 640 1287 694 λέγεσθαι
1327 638 1426 694 παρ’
1459 652 1481 681 4

83 714 202 769 ὑμῖν,
221 714 401 762 οὐδενὸς
420 710 551 766 ἧττον
572 709 604 753 ὦ
625 711 782 766 ἄνδρες
794 711 1019 766 Ἀθηναῖοι
1032 711 1298 764 τεθαύμακα,
1319 710 1341 751 ὃ
1360 710 1433 751 καὶ

83 783 232 843 πρῴην
256 785 374 833 τινὸς
405 782 555 837 ἤκουσ’
589 784 786 832 εἰπόντος
819 781 867 824 ἐν
898 789 950 838 τῇ
981 784 1138 837 βουλῇ,
1169 782 1225 831 ὡς
1258 782 1341 835 ἄρα
1368 782 1435 823 δεῖ

32 873 66 899 ιο
85 857 163 898 τὸν
201 852 544 908 συμβουλεύοντ’
587 853 612 907 ἣ
651 857 857 906 πολεμεῖν
895 852 1039 902 ἁπλῶς
1077 852 1102 906 ἢ
1140 859 1220 906 τῆν
1253 854 1434 906 εἰρήνην

86 927 210 981 ἄγειν
237 925 567 979 συμβουλεύειν.
609 922 700 966 ἔστι
727 924 791 965 δέ·
831 925 867 965 εἰ
893 924 973 976 μὲν
1004 924 1190 978 ἡσυχίαν
1220 924 1434 972 Φίλιππος
1462 934 1483 965 5

88 999 183 1052 ἄγει
207 997 279 1039 καὶ
305 998 410 1050 μήτε
441 1003 528 1037 τῶν
553 996 774 1049 ἡμετέρων
800 992 886 1049 ἔχει
912 995 1028 1048 παρὰ
1053 995 1133 1048 τὴν
1153 995 1332 1048 εἰρήνην
1357 1010 1435 1047 μη-

88 1069 164 1110 δὲν
183 1070 288 1122 μήτε
309 1067 615 1118 συσκευάζεται
635 1067 798 1116 πάντας
819 1066 1083 1120 ἀνθρώπους
1105 1064 1172 1120 ἐφ’
1192 1066 1314 1119 ἡμᾶς,
1334 1064 1435 1107 οὐκ-

89 1139 151 1182 έτι
184 1141 250 1181 δεῖ
286 1138 448 1193 λέγειν,
479 1135 570 1179 ἀλλ’
609 1137 752 1186 ἁπλῶς
786 1138 965 1191 εἰρήνην
997 1136 1170 1191 ἀκτέον,
1203 1136 1275 1177 καὶ
1307 1136 1360 1177 τά
1390 1135 1427 1190 γ’

34 1228 67 1254 15
88 1210 162 1266 ἀφ’
193 1210 317 1262 ὑμῶν
342 1207 474 1262 ἕτοιμ’
505 1207 750 1263 ὑπάρχονθ’
783 1208 888 1261 ὁρῶ·
915 1209 951 1249 εἰ
980 1206 1016 1248 δ’
1050 1207 1075 1249 ἃ
1101 1207 1181 1259 μὲν
1207 1207 1438 1259 ὠμόσαμεν

88 1282 159 1323 καὶ
186 1279 253 1336 ἐφ’
286 1274 350 1330 οἷς
369 1281 449 1334 την
470 1281 649 1334 εἰρήνην
669 1278 980 1333 ἐποιησάμεθα,
1004 1276 1124 1319 ἔστιν
1145 1278 1257 1319 ἰδεῖν
1276 1278 1348 1318 καὶ
1368 1293 1437 1331 γε-

88 1351 314 1406 γραμμένα
339 1358 488 1405 κεῖται,
514 1352 716 1404 φαίνεται
737 1348 774 1390 δ’
801 1349 872 1390 ἀπ’
891 1349 1022 1403 ἀρχῆς
1043 1349 1065 1391 ὁ
1085 1350 1312 1403 Φίλιππος,
1332 1349 1438 1403 πρὶν
1464 1359 1485 1389 6

89 1423 340 1476 Διοπείθην
367 1420 598 1463 ἐκπλεῦσαι
624 1421 694 1462 καὶ
720 1422 822 1469 τοὺς
847 1420 1138 1474 κληρούχους,
1164 1419 1240 1468 οὓς
1264 1425 1350 1460 νῦν
1376 1420 1440 1461 αἰ-

90 1501 267 1535 τιῶνται
293 1492 574 1546 πεποιηκέναι
599 1492 678 1533 τὸν
698 1492 902 1545 πόλεμον,
927 1491 1066 1532 πολλὰ
1086 1490 1166 1542 μὲν
1185 1498 1273 1532 τῶν
1293 1489 1441 1544 ἡμετέ-

39 1581 73 1607 80
94 1580 183 1618 ρων
209 1563 367 1612 ἀδίκως
394 1562 594 1617 εἰληφώς,
619 1562 728 1616 ὑπὲρ
757 1559 818 1603 ὧν
845 1560 1094 1616 ψηφίσμαθ’
1127 1559 1295 1615 ὑμέτερ’
1323 1559 1441 1614 ἐγκα-

92 1639 254 1677 λοῦντα
285 1635 415 1689 κύρια
445 1635 589 1687 ταυτί,
619 1633 760 1675 πάντα
793 1633 840 1674 δὲ
872 1633 950 1674 τὸν
984 1633 1146 1687 χρόνον
1172 1639 1363 1686 συνεχῶς
1389 1632 1441 1672 τὰ

92 1713 180 1747 τῶν
210 1706 355 1747 ἄλλων
382 1704 603 1758 Ἑλλήνων
635 1705 705 1745 καὶ
737 1704 972 1757 βαρβάρων
1005 1703 1238 1757 λαμβάνων
1270 1703 1341 1744 καὶ
1368 1701 1435 1756 ἐφ’

92 1777 201 1830 ἡμᾶς
228 1777 609 1829 συσκευαζόμενος,
634 1777 678 1816 τί
702 1781 830 1816 τοῦτο
859 1774 1076 1829 λέγουσιν,
1102 1775 1157 1823 ὡς
1184 1777 1389 1825 πολεμεῖν
1414 1773 1440 1826 ἢ

95 1848 218 1901 ἄγειν
245 1848 424 1901 εἰρήνην
450 1847 533 1897 δεῖ;
561 1846 612 1887 οὐ
639 1846 721 1899 γὰρ
750 1845 912 1899 αἵρεσίς
940 1843 1058 1886 ἐστιν
1083 1845 1188 1898 ἡμῖν
1207 1850 1285 1885 τοῦ
1306 1844 1441 1897 πράγ-
1470 1855 1488 1884 7

41 1934 74 1960 25
94 1933 238 1972 ματος,
263 1916 355 1958 ἀλλ’
393 1917 671 1959 ὑπολείπεται
703 1917 751 1957 τὸ
785 1916 1060 1957 δικαιότατον
1095 1915 1185 1970 [καὶ
1212 1914 1443 1968 ἀναγκαιό-

94 1989 243 2043 τατον]
278 1996 367 2030 τῶν
400 1986 562 2042 ἔργων,
597 1987 618 2028 ὃ
655 1987 1000 2040 ὑπερβαίνουσιν
1038 1985 1208 2035 ἑκόντες
1236 1983 1369 2027 οὗτοι.
1402 1986 1445 2026 τί

96 2055 177 2100 οὖν
215 2057 305 2100 ἐστι
342 2064 491 2110 τοῦτο;
529 2058 777 2110 ἀμύνεσθαι
808 2058 886 2098 τὸν
917 2058 1132 2111 πρότερον
1170 2054 1437 2108 πολεμοῦνθ’

96 2130 210 2183 ἡμῖν.
242 2130 356 2184 πλὴν
383 2130 419 2170 εἰ
439 2136 569 2170 τοῦτο
591 2128 767 2182 λέγουσι
787 2128 841 2182 νὴ
862 2125 954 2182 Δί’,
973 2128 1043 2182 ὡς,
1069 2126 1123 2168 ἂν
1143 2126 1349 2181 ἀπέχηται
1369 2133 1443 2179 τῆς

91 2199 275 2252 Ἀττικῆς
301 2200 371 2240 καὶ
397 2205 475 2240 τοῦ
496 2202 714 2253 Πειραιῶς
739 2199 966 2252 Φίλιππος,
991 2197 1084 2239 οὔτ’
1108 2197 1247 2238 ἀδικεῖ
1266 2198 1346 2251 τὴν
1366 2198 1441 2238 πό-

43 2287 78 2313 ³0
99 2273 169 2312 λιν
200 2271 299 2312 οὔτε
331 2277 446 2311 ποιεῖ
477 2271 679 2321 πόλεμον.
718 2270 753 2311 εἰ
787 2266 823 2310 δ’
862 2267 908 2310 ἐκ
939 2269 1107 2310 τούτων
1133 2268 1184 2309 τὰ
1211 2268 1356 2309 δίκαια
1382 2269 1442 2309 τί-
1469 2278 1490 2308 8

1229 2337 1275 2370 6*
