1689 2531
148 530 188 560 ῖὲ

144 1098 185 1128 73

139 2091 180 2122 75

221 135 275 178 98
704 134 1077 169 ΔΗΜΟΣΘΕΝΟΤΣ
1475 136 1566 180 [vm

218 233 388 274 τούτων
413 231 583 273 πώποτ’
606 229 793 284 ἐμαυτὸν
814 228 952 284 ἔταξα,
978 230 1082 272 οὐδὲ
1101 232 1333 286 προήχθην
1353 229 1455 273 οὔθ’
1479 232 1564 273 ὑπὸ

218 303 399 358 κέρδους
427 301 536 344 οὔθ’
555 302 639 344 ὑπὸ
662 302 922 356 φιλοτιμίας,
947 300 1055 342 ἀλλὰ
1076 302 1256 343 διατελῶ
1279 300 1417 356 λέγων
1438 300 1479 353 ἐξ
1501 299 1563 345 ὧν

218 373 300 429 ἐγὼ
333 374 413 427 μὲν
445 376 620 415 πολλῶν
653 372 841 414 ἐλάττων
874 372 960 425 εἰμὶ
992 369 1090 426 παρ’
1128 373 1251 427 ὑμῖν,
1281 373 1402 425 ὑμεῖς
1435 373 1496 428 δ’,
1527 374 1564 415 εἰ

217 444 426 487 πείσεσθέ
455 461 547 499 μοι,
577 445 746 496 μείζους
780 443 834 484 ἂν
866 443 996 497 εἴητε·
1029 442 1141 485 οὕτω
1174 443 1256 498 γὰρ
1290 443 1392 494 ἴσως
1419 443 1565 486 ἀνεπί-

217 520 394 571 φθονον
416 517 564 558 εἰπεῖν.
598 515 700 557 οὐδ’
716 513 861 568 ἔμοιγε
883 515 1004 556 δοκεῖ
1022 515 1192 556 δικαίου
1213 514 1328 557 τοῦτ’
1356 511 1468 557 εἶναι
1487 530 1564 558 πο-

216 589 351 642 λίτου,
385 593 564 628 τοιαῦτα
598 584 882 638 πολιτεύμαθ’
931 585 1150 639 εὑρίσκειν
1185 584 1227 636 ἐξ
1269 583 1332 628 ὧν
1367 585 1449 641 ἐγὼ
1484 587 1564 640 μὲν

215 666 382 713 πρῶτος
410 659 532 710 ὑμῶν
557 655 709 710 ἔσομαι
737 657 914 711 εὐθέως,
939 657 1061 709 ὑμεῖς
1088 657 1136 698 δὲ
1161 664 1249 698 τῶν
1269 658 1415 700 ἄλλων
1433 657 1564 700 ὕστα-

214 743 299 771 τοι·
326 729 434 770 ἀλλὰ
456 727 812 778 συναυξάνεσθαι
834 728 900 769 δεῖ
919 729 1000 782 τὴν
1013 729 1143 769 πόλιν
1162 735 1252 778 τοῖς
1272 736 1361 770 τῶν
1380 728 1564 783 ἀγαθῶν

214 804 405 843 πολιτῶν
426 800 723 854 πολιτεύμασι,
748 800 819 841 καὶ
839 800 887 841 τὸ
908 798 1136 852 βέλτιστον
1150 801 1246 854 αἰεί,
1265 800 1321 854 μὴ
1337 801 1385 842 τὸ
1401 800 1564 856 ῥᾷστον

214 872 406 922 ἅπαντας
433 872 593 926 λέγειν·
621 869 685 912 ἐπ’
712 869 852 913 ἐκεῖνο
879 870 958 923 μὲν
983 871 1066 924 γὰρ
1093 868 1289 926 ἡΙφύσις
1311 870 1419 926 αὐτὴ
1439 872 1563 925 βαδι-

214 951 336 997 εῖται,
364 942 432 984 ε’πὶ
457 949 587 984 τοῦτο
616 942 663 983 δὲ
689 947 747 998 τῷ
769 942 883 998 λόγῳ
912 942 979 983 δεῖ
1004 941 1278 995 προάγεσθαι
1301 942 1564 984 διδάσκοντα

212 1016 290 1056 τὸν
317 1014 490 1068 ἀγαθὸν
516 1014 710 1066 πολίτην.

261 1084 377 1139 ”Ηδη
409 1086 564 1126 τοίνυν
594 1085 713 1133 τινὸς
743 1085 910 1137 ἤκουσα
942 1085 1145 1125 τοιοῦτόν
1175 1100 1216 1125 τι
1255 1083 1476 1139 λέγοντος,
1507 1085 1564 1135 ὡς

213 1156 279 1210 ἄρ’
319 1155 401 1210 ἐγὼ
435 1155 544 1210 λέγω
577 1155 656 1207 μὲν
692 1155 776 1196 αἰεὶ
801 1156 853 1197 τὰ
879 1154 1094 1210 βέλτιστα,
1119 1153 1210 1197 ἔστι
1237 1153 1274 1197 δ’
1307 1155 1440 1198 οὐδὲν
1465 1154 1557 1198 ἀλλ’

212 1227 235 1282 ἢ
265 1229 387 1281 λόγοι
408 1228 460 1269 τὰ
479 1227 588 1280 παρ’
610 1225 728 1281 ἐμοῦ,
750 1227 815 1269 δεῖ
836 1228 881 1268 δ’
904 1225 1046 1280 ἔργων
1065 1233 1116 1282 τῇ
1136 1227 1260 1269 πόλει
1280 1227 1351 1269 καὶ
1371 1226 1563 1282 πράξεώς

211 1315 340 1348 τινος.
374 1297 456 1352 ἐγὼ
485 1297 520 1339 δ’
556 1298 611 1347 ὡς
637 1296 718 1352 ἔχω
746 1298 844 1352 περὶ
870 1298 1057 1352 τούτων,
1089 1297 1194 1347 λέξω
1222 1298 1329 1351 πρὸς
1355 1299 1465 1351 ὑμᾶς
1490 1299 1562 1340 καὶ

212 1370 292 1412 οὐκ
318 1369 637 1423 ἀποκρύψομαι.
680 1368 773 1410 οὐδ’
806 1365 918 1410 εἶναι
945 1370 1103 1421 νομίζω
1130 1376 1209 1410 τοῦ
1236 1370 1562 1423 συμβουλεύον-

211 1457 281 1490 τος
304 1441 407 1493 ὑμῖν
427 1438 558 1495 ἔργον
580 1440 712 1482 οὐδὲν
732 1441 846 1494 πλὴν
867 1441 1006 1482 εἰπεῖν
1026 1441 1077 1481 τὰ
1097 1440 1311 1493 βέλτιστα.
1342 1440 1413 1482 καὶ
1427 1440 1555 1483 τοῦθ’

212 1513 277 1553 ὅτι
309 1518 468 1553 τοῦτον
499 1509 586 1566 ἔχει
617 1512 695 1553 τὸν
727 1512 892 1565 τρόπον
924 1511 1083 1567 ῥᾳδίως
1115 1506 1233 1562 οἶμαι
1261 1510 1430 1561 δείξειν.
1470 1512 1560 1554 ἴστε

209 1584 291 1637 γὰρ
326 1583 466 1637 δήπου
504 1583 654 1636 τοῦθ’,
693 1583 757 1623 ὅτι
796 1583 1009 1634 Τιμόθεός
1041 1581 1135 1623 ποτ’
1180 1581 1342 1631 ἐκεῖνος
1376 1580 1423 1623 ἐν
1455 1584 1560 1635 ὑμῖν

211 1652 536 1707 ἐδημηγόρησεν
563 1653 618 1702 ὡς
646 1654 711 1695 δεῖ
738 1655 924 1706 βοηθεῖν
951 1653 1021 1694 καὶ
1047 1654 1148 1702 τοὺς
1175 1653 1372 1707 Εὐβοέας
1399 1652 1560 1712 σῴζειν,

210 1726 280 1766 ὅτε
299 1727 483 1778 Θηβαῖοι
504 1725 845 1766 κατεδουλοῦντ’
869 1723 1041 1778 αὐτούς,
1065 1724 1135 1765 καὶ
1151 1724 1290 1778 λέγων
1305 1720 1425 1767 εἶπεν
1445 1726 1558 1768 οὕτω

209 1808 315 1845 πως·
342 1795 461 1850 ,,εῐπε’
483 1811 568 1849 μοι,
594 1795 901 1849 βουλεύεσθεζί,
927 1793 1023 1849 ἔφη,
1047 1797 1294 1849 ,,Θηβαίους
1321 1794 1490 1850 ἔχοντες
1511 1795 1558 1839 ἐν

208 1868 340 1923 νήσῳ,
366 1868 410 1908 τί
434 1868 652 1922 χρήσεσθε
678 1867 749 1908 καὶ
776 1868 819 1907 τί
844 1867 910 1908 δεῖ
936 1873 1095 1917 ποιεῖνς
1123 1866 1203 1907 οὐκ
1224 1865 1458 1920 ἐμπλήσετε
1477 1868 1558 1922 τὴν

209 1938 433 1979 θάλατταν
465 1935 497 1979 ὦ
532 1938 687 1992 ἄνδρες
704 1937 930 1991 Ἀθηναῖοι
957 1938 1165 1991 τριήρωνς
1193 1937 1273 1978 οὐκ
1294 1936 1557 1988 ἀναστάντες

208 2009 289 2063 ἤδη
305 2008 569 2062 πορεύσεσθ’
589 2010 647 2058 εἷς
667 2009 745 2050 τὸν
760 2012 966 2062 Πειραιᾶ;
994 2007 1046 2050 οὐ
1067 2007 1298 2057 καθέλξετε
1311 2009 1386 2058 τὰς
1405 2015 1512 2058 ναῦς
1522 2009 1557 2057 ;“

208 2080 372 2122 οὐκοῦν
399 2076 490 2122 εἷπε
516 2079 595 2132 μὲν
621 2078 755 2121 ταῦθ’
785 2079 806 2121 ὁ
840 2080 1066 2133 Τιμόθεος,
1098 2077 1325 2133 ἐποιήσατε
1352 2078 1391 2120 δ’
1416 2080 1555 2132 ὑμεῖς·

208 2150 253 2193 ἐκ
287 2151 335 2193 δὲ
366 2151 535 2193 τούτων
567 2150 826 2205 ἀμφοτέρων
858 2151 905 2192 τὸ
937 2149 1095 2205 πρᾶγμ’
1135 2148 1344 2205 ἐπράχθη.
1389 2151 1424 2192 εἰ
1458 2151 1504 2192 δ’
1531 2151 1553 2193 ὁ

207 2223 286 2275 μὲν
312 2217 432 2264 εἶπεν
464 2223 520 2271 ὡς
553 2216 649 2264 οἷόν
674 2237 719 2263 τε
746 2222 797 2263 τὰ
824 2222 996 2275 ἄριστα,
1028 2221 1171 2275 ὥσπερ
1200 2216 1337 2276 εἶπεν,
1362 2221 1484 2274 ὑμεῖς
1511 2219 1548 2263 δ’

1585 877 1659 912 108
1688 890 1689 916 ζ

1585 962 1616 986 11

1584 1248 1619 1273 15

1580 1602 1615 1627 20

1577 1957 1610 1982 25

207 2293 600 2350 ἀπερρᾳθυμήσατε
614 2293 683 2335 καὶ
699 2293 835 2347 μηδὲν
849 2292 1136 2346 ὑπηκούσατε,
1151 2289 1217 2348 ἆρ’
1238 2291 1292 2334 ἂν
1307 2290 1360 2347 ἧν
1374 2294 1554 2347 γεγονός
1573 2311 1608 2337 ³0
