1689 2531
108 625 151 656 33

113 1264 157 1294 34

116 1691 159 1721 35

179 91 262 132 182
275 92 648 126 ΔΗΜΟΣΘΕΝΟΤΣ
668 94 783 126 ΠΕΡΙ
801 95 898 126 ΤΗΣ
917 94 1097 127 ΡΟΔΙῼΝ
1117 95 1428 128 ΕΛΕΥΘΕΡΙΑΣ
1452 96 1521 140 [XV

174 194 263 228 τῶν
283 188 676 240 μισθοδοτούντων
695 188 856 239 αὐτοὺς
877 188 1082 243 ὠφέλειαι
1102 187 1270 242 μάλιστ’
1297 190 1444 245 αἴτιαι,
1469 190 1521 233 οὐ

175 258 262 311 μὴν
288 257 397 299 ἀλλὰ
422 259 493 300 καὶ
520 259 629 311 ὑμᾶς
655 260 710 301 ἄν
730 275 793 309 τις
814 257 904 315 ἕχοι
925 261 1100 309 δικαίως
1120 261 1356 302 αἰτιᾶσθαι.
1393 260 1524 316 ἐχρῆν

175 330 258 383 γὰρ
287 326 319 370 ὦ
347 330 502 383 ἄνδρες
519 327 745 384 Ἀθηναῖοι
777 331 857 385 τὴν
883 330 1021 385 αὐτὴν
1046 329 1162 385 ἔχειν
1189 331 1390 373 διάνοιαν
1415 332 1524 384 ὑμᾶς

176 400 275 453 περὶ
308 407 381 454 τῆς
415 399 462 442 ἐν
488 407 539 456 τῇ
565 402 760 458 πολιτεία
785 401 942 451 τάξεως
968 402 1104 456 ἤνπερ
1131 402 1229 456 περὶ
1260 409 1334 456 τῆς
1362 402 1408 444 ἐν
1434 410 1526 453 ταῖς

178 473 421 525 στρατείαις
447 469 575 526 ἔχετε.
601 473 665 521 τίς
693 469 774 514 οὖν
795 471 913 514 ἐστιν
940 472 1067 527 αὕτη;
1094 473 1215 525 ὑμεῖς
1240 474 1318 515 τὸν
1345 475 1527 516 λιπόντα

177 543 258 596 τὴν
284 543 369 584 ὑπὸ
396 549 474 584 τοῦ
508 549 753 597 στρατηγοῦ
780 543 902 593 τάξιν
927 547 1166 599 ταχθεῖσαν
1193 545 1347 597 ἄτιμον
1379 545 1528 587 οἴεσθε

178 615 417 667 προσήκειν
438 609 550 654 εἶναι
571 614 642 655 καὶ
668 615 855 667 μηδενὸς
881 622 970 656 τῶν
994 623 1157 657 κοινῶν
1182 615 1386 670 μετέχειν.
1419 622 1529 671 χρῆν

178 685 332 725 τοίνυν
363 685 435 725 καὶ
473 686 575 734 τοὺς
613 686 694 739 τὴν
726 685 810 726 ὑπὸ
850 693 937 726 τῶν
975 687 1208 740 προγόνων
1244 686 1367 736 τάξιν
1399 685 1447 728 ἐν
1478 693 1529 742 τῇ

178 756 376 812 πολιτεία
412 755 774 810 παραδεδομένην
814 757 1018 805 λιπόντας
1057 757 1127 798 καὶ
1165 757 1530 810 πολιτευομένους

180 826 465 881 ὀλιγαρχικῶς
510 826 689 879 ἀτίμους
739 833 817 868 τοῦ
864 828 1184 881 συμβουλεύειν
1235 828 1340 881 ὑμῖν
1384 828 1530 878 αὐτοῖς

180 901 423 938 ποιεῖσθαι·
455 903 540 939 νῦν
573 898 620 938 δὲ
652 905 741 939 τῶν
772 899 853 950 μὲν
886 898 1123 953 συμμάχων
1153 900 1254 948 τοὺς
1287 900 1364 940 τὸν
1397 898 1533 941 αὐτὸν

182 966 346 1022 ἐχθρὸν
378 968 450 1009 καὶ
483 969 616 1022 φίλον
649 969 755 1021 ὑμῖν
781 969 1007 1022 <νομιεῖν>
1034 970 1310 1022 ὀμωμοκότας
1342 965 1528 1023 νομίζετ’

183 1039 515 1094 εὐνουστάτους,
551 1047 641 1081 τῶν
680 1041 727 1081 δὲ
765 1039 1117 1093 πολιτευομένων
1150 1040 1225 1090 οὓς
1259 1041 1350 1082 ἴστε
1383 1048 1534 1096 σαφῶς

182 1112 283 1160 τοὺς
316 1117 389 1164 τῆς
422 1112 587 1160 πόλεως
620 1109 808 1166 ἐχθροὺς
834 1109 1090 1170 ᾑρημένους,
1121 1112 1304 1162 τούτους
1331 1112 1534 1154 πιστοτά-

183 1198 285 1231 τους
312 1183 504 1235 ἡγεῖσθε.

238 1250 367 1294 Ἀλλὰ
404 1253 486 1308 γὰρ
526 1253 605 1308 οὐχ
645 1254 667 1295 ὅ
699 1269 740 1295 τι
772 1270 835 1302 τις
867 1256 1154 1309 κατηγορήσει
1186 1254 1355 1296 τούτων
1386 1254 1411 1308 ἢ
1443 1261 1533 1304 τοῖς

184 1324 330 1373 ἄλλοις
363 1324 468 1376 ὑμῖν
495 1322 717 1378 ἐπιπλήξει
749 1325 939 1379 χαλεπὸν
965 1325 1124 1380 εὑρεῖν,
1150 1323 1242 1367 ἀλλ’
1269 1324 1343 1380 ἀφ’
1370 1325 1534 1368 ὁποίων

185 1396 329 1449 λόγων
360 1395 385 1449 [ἢ
419 1394 611 1450 πράξεως
643 1396 768 1445 ποίας
801 1394 1160 1450 ἐπανορθώσεταί
1189 1412 1253 1445 τις
1287 1396 1312 1438 ἃ
1345 1402 1430 1438 νῦν
1455 1396 1535 1438 οὐκ

185 1466 331 1521 ὀρθῶς
358 1464 457 1521 ἔχει,
482 1465 598 1508 τοῦτ’
630 1464 762 1521 ἔργον
789 1467 945 1520 εὑρεῖν.
985 1467 1086 1516 ἴσως
1113 1467 1193 1519 μὲν
1219 1464 1301 1509 οὖν
1328 1467 1432 1509 οὐδὲ
1456 1473 1534 1509 τοῦ

1552 847 1585 873 10

1553 1201 1585 1226 15

185 1540 401 1592 παρόντος
427 1544 582 1593 καιροῦ
609 1538 708 1592 περὶ
735 1538 912 1579 πάντων
939 1538 1099 1592 λέγειν·
1127 1535 1218 1579 ἀλλ’
1247 1537 1322 1579 ἐὰν
1349 1538 1373 1580 ἃ
1400 1536 1532 1596 προῄ-
1552 1556 1586 1581 20

186 1612 326 1663 ρησθε
366 1606 579 1662 δυνηθῆτ’
618 1607 885 1663 ἐπικυρῶσαι
926 1609 1210 1666 συμφερούσῃ
1248 1610 1334 1650 τινὶ
1373 1608 1537 1667 πράξει,

186 1680 257 1720 καὶ
295 1677 412 1720 τᾶλλ’
453 1679 507 1722 ἂν
540 1680 642 1729 ἴσως
675 1679 776 1721 καθ’
816 1679 864 1722 ἓν
897 1680 962 1721 ἀεὶ
994 1679 1169 1733 βέλτιον
1201 1678 1303 1735 ἔχοι.
1343 1679 1425 1735 ἐγὼ
1458 1681 1538 1734 μὲν

188 1746 269 1791 οὖν
303 1745 420 1802 οἶμαι
455 1752 549 1792 δεῖν
586 1751 697 1803 ὑμᾶς
731 1751 1134 1805 ἀντιλαμβάνεσθαι
1160 1759 1248 1793 τῶν
1274 1752 1538 1806 πραγμάτων

188 1821 357 1863 τούτων
384 1820 649 1877 ἐρρωμένως,
681 1823 996 1879 καὶηπράττειν
1031 1822 1127 1872 ἄξια
1159 1830 1232 1877 τῆς
1259 1824 1437 1875 πόλεως,
1471 1822 1539 1865 ἐν-

189 1893 499 1945 θυμουμένους
539 1894 604 1935 ὅτι
643 1892 801 1949 χαίρετ’
846 1894 1098 1949 ἀκούοντες,
1137 1895 1242 1936 ὅταν
1279 1910 1342 1944 τις
1384 1893 1538 1950 ἐπαινῇ

190 1965 292 2013 τοὺς
319 1966 564 2019 προγόνους
591 1965 716 2018 ὑμῶν
742 1966 812 2007 καὶ
838 1967 890 2006 τὰ
910 1963 1172 2020 πεπραγμέν’
1200 1964 1381 2015 ἐκείνοις
1403 1964 1538 2023 διεξίῃ

190 2035 262 2076 καὶ
293 2036 345 2076 τὰ
376 2037 561 2090 τρόπαια
594 2036 708 2094 λέγῃ.
746 2038 937 2089 νομίζετε
970 2038 1124 2078 τοίνυν
1154 2034 1273 2078 ταῦτ’
1305 2036 1538 2078 ἀναθεῖναι

191 2108 292 2156 τοὺς
304 2108 550 2161 προγόνους
562 2107 684 2160 ὑμῶν
696 2107 775 2162 οὐχ
790 2108 862 2149 ἵνα
876 2105 1112 2161 θαυμάζητ’
1130 2107 1239 2148 αὐτὰ
1253 2092 1539 2162 θεωροῦντες,

193 2175 286 2219 ἀλλ’
312 2178 385 2220 ἴνα
411 2178 483 2219 καὶ
508 2182 700 2232 μιμῆσθε
725 2179 800 2228 τὰς
826 2186 915 2220 τῶν
941 2177 1200 2220 ἀναθέντων
1226 2177 1389 2230 ἀρετάς.

1560 1826 1634 1861 201

1559 1910 1591 1936 25
