1689 2531
118 113 175 157 IX]
554 110 683 143 RATA
708 110 960 143 <1>1A111110T
985 110 1014 141 Γ
1378 107 1462 148 115

121 207 285 264 σφαξεν
316 205 491 261 ἑαυτόν,
523 204 634 262 ἔργῳ
673 208 949 261 μαρτυρήσας
983 206 1048 247 ὅτι
1079 205 1151 247 καὶ
1184 205 1359 254 δικαίως
1391 204 1463 245 καὶ

119 283 322 333 καθαρῶς
348 278 457 332 ὑπὲρ
483 284 572 318 τῶν
597 280 787 318 πολιτῶν
813 276 1091 330 ἀνθειστήκει
1123 277 1336 332 Φιλίππῳ.

185 350 238 391 Τί
255 346 337 391 οὖν
356 347 451 390 ποτ’
477 348 631 402 αἴτιον,
649 347 884 401 θαυμάζετ’
908 348 1022 403 ἰ’σως,
1041 349 1089 390 τὸ
1111 348 1181 390 καὶ
1200 347 1465 397 τοὺςὈλυν-

119 421 248 469 θίους
274 419 346 461 καὶ
370 420 472 468 τοὺς
500 419 717 473 Ἐρετριᾶς
749 419 820 460 καὶ
845 421 947 468 τοὺς
976 420 1168 473 Ὠρείτας
1199 420 1327 473 ἥδιον
1358 419 1465 473 πρὸς

84 515 99 540 5
119 493 220 541 τοὺς
245 491 354 545 ὑπὲρ
386 490 607 531 Φιλίππου
636 489 841 544 λέγοντας
867 488 983 545 ἔχειν
1002 490 1027 544 ἢ
1048 492 1149 539 τοὺς
1169 490 1278 543 ὑπὲρ
1300 490 1467 536 αὑτῶν;

120 563 224 617 ὅπερ
256 561 328 603 καὶ
359 558 458 614 παρ’
496 559 620 614 ὑμῖν,
653 561 719 602 ὅτι
750 568 840 610 τοῖς
872 562 952 613 μὲν
986 561 1094 615 ὑπὲρ
1126 567 1205 602 τοῦ
1238 562 1467 614 βελτίστου

119 632 325 687 λέγουσιν
361 631 464 673 οὐδὲ
498 631 784 686 βουλομένοις
817 629 989 673 ἔνεστιν
1024 631 1163 674 ἐνίοτε
1197 633 1304 686 πρὸς
1339 632 1467 687 χάριν

119 703 252 745 οὐδὲν
287 704 426 745 εἰπεῖν
461 702 530 758 (τὰ
565 704 647 757 γὰρ
684 701 895 757 πράγματ’
937 702 1102 757 ἀνάγκη
1139 711 1318 745 σκοπεῖν
1354 703 1467 753 ὅπως

120 773 406 831 σῳθήσεται)·
434 775 473 816 οἱ
496 773 532 816 δ’
561 773 608 816 ἐν
622 774 769 823 αὐτοῖς
785 768 848 823 οἷς
868 775 1115 828 χαρίζονται
1140 775 1341 830 Φιλίππω
1363 785 1469 826 συμ-

68 867 102 892 10
121 844 399 898 πράττουσιν.
432 845 653 899 εἰσφέρειν
674 843 887 899 ἐκέλευον,
907 846 947 886 οἱ
964 844 1000 886 δ’
1021 845 1153 886 οὐδὲν
1174 846 1268 886 δεῖν
1282 843 1469 899 ἔφασαν·

120 918 326 968 πολεμεῖν
352 916 423 957 καὶ
449 917 505 970 μὴ
531 916 766 970 πιστεύειν,
793 916 832 957 οἱ
861 915 897 957 δ’
931 917 1054 969 ἄγειν
1081 917 1272 970 εἰρήνην,
1297 915 1375 965 ἕως
1403 914 1470 970 ἐγ-

121 988 472 1040 κατελήφθησαν.
515 988 650 1028 τόἓλλα
684 988 762 1028 τὸν
797 986 932 1028 αὐτὸν
967 988 1130 1038 τρόπον
1166 982 1283 1039 οἶμαι
1316 986 1471 1041 πάνθ’,

121 1057 195 1100 ἴνα
226 1058 282 1112 μὴ
318 1056 418 1098 καθ’
457 1057 614 1099 ἕκαστα
647 1057 773 1111 λέγω·
812 1058 851 1099 οἱ
884 1058 964 1110 μὲν
999 1056 1068 1111 ἐφ’
1105 1052 1168 1107 οἷς
1202 1064 1472 1112 χαριοῦνται,

122 1126 239 1170 ταῦτ’
273 1126 446 1183 ἔλεγον,
479 1129 518 1170 οὶ
547 1126 583 1169 δ’
617 1127 657 1178 ἐξ
692 1125 754 1169 ὧν
780 1126 962 1180 ἔμελλον
989 1130 1288 1185 σωθήσεσθαι.
1330 1130 1470 1171 πολλὰ

70 1220 102 1246 15
123 1199 171 1241 δὲ
196 1199 267 1241 καὶ
293 1200 344 1241 τὰ
371 1202 595 1241 τελευταῖα
623 1199 701 1253 οὐχ
728 1199 864 1247 οὕτως
892 1199 991 1241 οὔτε
1012 1200 1118 1253 πρὸς
1139 1200 1266 1254 χάριν
1287 1201 1387 1242 οὔτε
1409 1199 1463 1242 δι’

122 1271 307 1324 ἄγνοιαν
339 1271 379 1312 οἱ
412 1270 566 1312 πολλοὶ
599 1271 849 1324 προσίεντο,
882 1269 974 1311 ἀλλ’
1011 1271 1471 1326 ὑποκατακλινόμενοι,

123 1339 270 1395 ἐπειδὴ
297 1348 386 1390 τοῖς
413 1342 531 1390 ὅλοις
558 1342 770 1394 ἡττᾶσθαι
798 1339 1006 1393 ἐνόμιζον.
1052 1341 1074 1382 ὃ
1100 1342 1154 1395 νὴ
1182 1343 1258 1383 τὸν
1284 1344 1373 1384 Δία
1399 1344 1470 1384 καὶ

123 1411 201 1453 τὸν
233 1410 419 1453 Ἀπόλλω
466 1409 623 1453 δέδοικ’
663 1410 744 1465 ἐγὼ
789 1413 845 1465 μὴ
896 1411 1066 1465 πάθηθ’
1102 1413 1242 1467 ὑμεῖς,
1296 1412 1472 1455 ἐπειδὰν

124 1481 253 1535 εἰδῆτ’
275 1480 589 1535 ἐκλογιζόμενοι
620 1483 756 1536 μηδὲν
781 1482 886 1534 ὑμῖν
913 1481 1025 1524 ἐνόν.
1058 1485 1197 1524 καίτοι
1217 1485 1274 1538 μὴ
1300 1484 1472 1537 γένοιτο

72 1574 106 1600 20
125 1553 204 1605 μὲν
231 1550 263 1594 ὦ
285 1553 441 1607 ἄνδρες
466 1552 691 1607 Ἀθηναῖοι
707 1554 758 1594 τὰ
778 1551 989 1606 πράγματ’
1010 1552 1057 1594 ἐν
1077 1554 1234 1610 τούτῳ·
1260 1555 1473 1597 τεθνάναι

125 1624 173 1666 δὲ
198 1624 398 1678 μυριάκις
434 1632 630 1677 κρεῖττον
668 1623 688 1677 ἢ
726 1625 927 1680 κολακείᾳ
960 1640 1001 1665 τι
1036 1631 1212 1678 ποιῆσαι
1253 1627 1473 1667 Φιλίππου

31 1701 106 1738 128
127 1695 212 1750 καὶῇ
236 1697 428 1749 προέσθαι
461 1704 537 1736 τῶν
563 1697 659 1748 ’ὑπερ
686 1697 796 1748 ’ὑμῶν
823 1697 1012 1749 λεγόντων
1038 1695 1156 1745 τινάς.
1200 1698 1337 1749 καλήν
1362 1697 1409 1750 γ’
1433 1698 1473 1738 οἱ

125 1766 279 1808 πολλοὶ
304 1771 390 1807 νῦν
416 1764 708 1819 ἀπειλήφασιν
726 1765 935 1819 Ὠρειτῶν
955 1766 1094 1820 χάριν,
1121 1767 1185 1807 ὅτι
1207 1775 1295 1815 τοῖς
1321 1768 1474 1808 Φιλίπ-

126 1851 211 1878 που
240 1838 384 1890 φίλοις
411 1834 650 1889 ἐπέτρεψαν
671 1836 841 1890 αίτούς,
867 1837 944 1877 τὸν
965 1834 1001 1877 δ’
1027 1836 1260 1890 Εὐφραῖον
1282 1836 1474 1879 ἐώθουν·

74 1927 107 1952 25
126 1909 265 1961 καλήν
290 1907 327 1961 γ’
362 1907 384 1948 ὁ
412 1907 544 1959 δῆμος
572 1907 593 1948 ὁ
616 1905 882 1960 Ἐρετριέων,
916 1907 981 1948 ὅτι
1007 1909 1108 1956 τοὺς
1135 1908 1214 1959 μὲν
1240 1907 1474 1962 ὑμετέρους

126 1977 327 2032 πρέσβεις
360 1977 594 2031 ἀπήλασεν,
620 1977 870 2033 Κλειτάρχῳ
899 1977 938 2018 δ’
963 1976 1173 2019 ἐνέδωκεν
1194 1978 1346 2020 αὑτόν·
1373 1979 1475 2021 δου-

128 2049 308 2090 λεύουσί
331 2063 380 2102 γε
401 2048 737 2102 μαστιγούμενοι
759 2048 828 2089 καὶ
845 2049 1146 2102 σφαττόμενοι.
1178 2048 1475 2098 καλῶςΌλυν-

127 2120 243 2161 θίων
271 2117 472 2173 ἐφείσατο
499 2126 587 2160 τῶν
613 2120 689 2160 τὸν
722 2119 802 2170 μὲν
827 2118 1066 2173 Λασθένην
1093 2120 1310 2174 ἵππαρχον
1336 2135 1475 2175 χειρο-

128 2189 422 2244 τονησάντων,
441 2191 518 2231 τὸν
540 2188 576 2231 δ’
595 2188 916 2243 Ἀπολλωνίδην
931 2188 1216 2243 ἐκβαλόντων.
1243 2192 1384 2243 μωρία
1403 2191 1475 2232 καὶ

77 2279 111 2304 ³0
130 2262 256 2303 κακία
281 2261 332 2302 τὰ
358 2260 521 2302 τοιαῦτ’
554 2259 751 2315 ἐλπίζειν,
776 2261 846 2302 καὶ
874 2268 1010 2310 κακῶς
1036 2261 1384 2313 βουλευομένους
1404 2262 1475 2303 καὶ

1262 2331 1308 2363 8·

1492 359 1536 391 63

1496 858 1541 889 64

1498 1354 1540 1384 65

1501 1921 1544 1951 66

1502 2204 1543 2234 67
