1689 2531
213 105 268 146 82
697 102 1072 135 ΔΗΜΟΣΘΕΝΟΤΣ
1468 100 1560 144 [VIII

213 219 339 253 μενος.
372 203 505 254 διόπερ
533 201 553 242 ὁ
583 202 778 248 Φίλιππος
804 200 851 239 οὐ
879 199 1069 250 δυνηθεὶς
1101 199 1234 246 ὅπλοις
1266 197 1386 237 αὐτὸν
1411 196 1560 248 ἀμύνα-

213 273 309 308 σθαι
341 267 548 318 πέπομφεν
574 266 780 317 ἐπιστολὴν
811 265 908 317 πρὸς
934 264 1025 311 τοὺς
1047 261 1300 314 Ἀθηναίους,
1332 269 1560 315 κατηγορῶν

212 341 280 373 τοῦ
314 339 529 385 στρατηγοῦ
561 331 628 370 καὶ
653 330 773 383 λέγων
805 330 925 370 αὐτὸν
956 327 1272 382 παραβεβηκέναι
1301 327 1372 378 τὴν
1398 327 1560 380 εἰρήνην

213 398 408 451 ἄντικρυς.
441 397 506 436 καὶ
532 397 573 436 οἱ
595 397 886 446 φιλιππίζοντες
905 401 982 433 τῶν
1002 393 1179 446 ρητόρων
1199 394 1472 445 κατατρέχουσι
1491 399 1560 432 τοῦ

165 474 181 503 4
211 464 454 510 Διοπείθους
486 462 551 501 καὶ
584 462 757 508 κολάζειν
789 460 967 507 ἀξιοῦσιν
993 459 1125 499 αὐτόν.
1160 459 1257 510 πρὸς
1284 457 1353 505 οὓς
1381 458 1399 497 ὁ
1425 461 1561 509 Δημο-
1581 473 1597 498 5

212 528 360 579 σθένης
383 527 683 578 ἐναντιούμενος
704 527 790 580 διχῇ
813 524 909 577 ὑπὲρ
930 532 998 564 τοῦ
1020 525 1265 571 Διοπείθους
1286 524 1444 562 ἵσταται.
1475 522 1562 563 οὔτε

212 594 284 647 γὰρ
306 593 423 633 ἄδικά
444 605 567 643 φησιν
588 591 708 631 αὐτὸν
728 590 983 641 πεποιηκέναι
1010 587 1234 642 (Φιλίππου
1254 589 1326 641 γὰρ
1347 588 1447 628 πολὺ
1467 588 1563 640 πρό-

214 675 323 711 τερον
349 658 599 709 παραβάντος
624 657 696 707 τὴν
722 656 885 707 εἰρήνην
910 655 976 694 καὶ
1001 654 1234 701 ἀδικοῦντος
1257 654 1329 705 τὴν
1349 660 1425 692 τῶν
1442 651 1563 704 Ἀθη-

216 725 336 763 ναίων
363 724 490 773 πόλιν,
515 722 671 768 εἰκότως
691 721 756 761 καὶ
776 728 914 760 τοῦτον
935 720 1026 773 ἔργα
1046 719 1218 770 πολέμου
1240 714 1562 770 διαπράττεσθαι)

213 788 302 829 οὔτε
329 787 544 840 συμφέρειν
570 787 668 839 λέγει
700 790 784 833 τοῖς
803 783 1033 837 Ἀθηναίοις
1065 785 1227 824 κολάσαι
1252 781 1323 823 τὸν
1349 783 1564 836 στρατηγὸν
1584 799 1617 824 10

212 854 278 894 καὶ
305 855 487 893 διαλῦσαι
520 853 591 903 τὴν
618 849 687 891 ὑπ’
716 851 850 907 ἐκείνῳ
883 852 1068 902 δύναμιν,
1095 850 1179 901 ἥτις
1205 856 1280 888 νῦν
1306 848 1565 901 ἀποκρούεται

214 919 470 971 Χερρονήσου
495 919 706 957 Φίλιππον.
737 917 778 957 τὸ
802 914 837 955 δ’
862 917 953 955 ὅλον
974 915 1035 954 ἐπὶ
1055 914 1226 966 πόλεμον
1246 916 1474 965 παρακαλεῖ,
1499 912 1565 952 καὶ

214 992 282 1024 τοῦ
301 985 502 1023 Φιλίππου
516 982 665 1033 πολλὴν
684 986 849 1021 ποιεῖται
868 981 1106 1034 κατηγορίαν
1127 979 1178 1026 ὡς
1199 979 1339 1018 ἀδίκου
1359 978 1424 1018 καὶ
1442 993 1564 1031 παρα-

215 1050 390 1090 σπόνδου
411 1048 476 1088 καὶ
497 1052 577 1095 τοῖς
588 1045 820 1098 Ἀθηναίοις
840 1046 904 1086 καὶ
924 1050 1005 1094 τοῖς
1020 1043 1211 1096 ”Έλλησιν
1231 1045 1564 1095 ἐπιβουλεύοντος.

263 1122 384 1166 ’Έδει
415 1123 496 1175 μὲν
529 1119 560 1163 ὦ
588 1119 982 1176 ἄνδρες’4θ7]ναῖοι
1014 1121 1116 1169 τοὺς
1149 1118 1354 1173 λέγοντας
1375 1118 1566 1168 ἅπαντας
1587 1123 1639 1158 90

212 1197 317 1250 μήτε
349 1195 456 1249 πρὸς
488 1192 657 1248 ἔχθραν
694 1196 920 1234 ποιεῖσθαι
961 1193 1094 1246 λόγον
1126 1189 1292 1245 μηδένα
1323 1192 1428 1244 μήτε
1459 1190 1567 1245 πρὸς
1589 1207 1620 1232 16

212 1267 354 1322 χάριν,
380 1264 473 1307 ἀλλ’
506 1265 528 1306 ὃ
555 1264 783 1319 βέλτιστον
803 1262 980 1312 ἕκαστος
1001 1263 1161 1317 ἡγεῖτο,
1186 1258 1302 1303 τοῦτ’
1329 1259 1568 1315 ἀποφαίνε-

214 1341 335 1392 σθαι,
361 1337 499 1385 ἄλλως
526 1351 572 1377 τε
598 1335 669 1376 καὶ
689 1335 788 1389 περὶ
808 1341 971 1376 κοινῶν
991 1333 1257 1388 πραγμάτων
1277 1332 1347 1373 καὶ
1367 1331 1569 1386 μεγάλων

211 1409 335 1462 ὑμῶν
361 1405 713 1462 βουλευομένων·
747 1404 894 1459 ἐπειδὴ
922 1403 959 1446 δ’
993 1395 1103 1446 ἔνιοι
1135 1404 1187 1445 τὰ
1218 1403 1299 1456 μὲν
1331 1404 1570 1461 φιλονικία,

212 1482 264 1522 τὰ
298 1479 334 1522 δ’
368 1475 636 1538 ᾑτινιδήποτ’
669 1478 786 1534 αἰτία
811 1476 1080 1530 προάγονται
1108 1475 1264 1529 λέγειν,
1295 1474 1406 1527 ὑμᾶς
1433 1471 1465 1515 ὦ
1493 1475 1569 1516 ἄν-
1588 1492 1622 1518 20

214 1553 312 1605 δρες
332 1550 558 1604 Ἀθηναῖοι
584 1550 686 1598 τοὺς
713 1549 902 1597 πολλοὺς
924 1548 992 1589 δεῖ
1011 1546 1152 1588 πάντα
1172 1544 1290 1587 τᾶλλ’
1312 1545 1570 1601 ἀφελόντας,

213 1641 238 1665 α
270 1629 321 1678 τῇ
353 1623 477 1663 πόλει
509 1621 702 1672 νομίζετε
736 1619 996 1673 συμφέρειν,
1027 1624 1162 1660 ταῦτα
1195 1617 1266 1658 καὶ
1297 1617 1569 1671 ψηφίζεσθαι

167 1705 186 1735 2
214 1695 284 1736 καὶ
311 1693 528 1747 πράττειν.
561 1692 586 1745 ’ἡ
613 1691 693 1743 μὲν
713 1688 795 1732 οὖν
817 1690 986 1744 σπουδὴ
1007 1689 1106 1744 περὶ
1126 1696 1214 1730 τῶν
1235 1686 1282 1730 ἐν
1302 1689 1568 1745 Χερρονήσῳ

213 1764 479 1820 πραγμάτων
507 1761 626 1804 ἐστὶν
651 1762 723 1803 καὶ
749 1768 822 1815 τῆς
851 1762 1088 1815 στρατείας,
1113 1760 1167 1814 ἣν
1195 1758 1429 1801 ἑνδέκατον
1454 1765 1570 1812 μῆνα

213 1836 390 1879 τουτονὶ
421 1836 636 1883 Φίλιππος
670 1831 718 1875 ἐν
748 1830 895 1890 Θράκῃ
931 1839 1136 1873 ποιεῖται·
1168 1839 1257 1873 τῶν
1284 1830 1331 1872 δὲ
1358 1831 1502 1884 λόγων
1528 1830 1568 1871 οἱ
1589 1847 1622 1873 25

213 1911 408 1950 πλεῖστοι
440 1906 539 1957 περὶ
572 1901 633 1946 ὧν
659 1906 906 1957 Διοπείθης
939 1903 1116 1957 πράττει
1148 1902 1220 1944 καὶ
1254 1901 1399 1954 μέλλει
1425 1908 1570 1942 ποιεῖν

215 1979 420 2034 εἴρηνται.
454 1975 535 2030 ἐγὼ
571 1973 607 2017 δ’
641 1976 721 2017 ὅσα
747 1974 826 2028 μέν
852 1990 916 2024 τις
943 1975 1133 2015 αἰτιᾶταί
1155 1989 1254 2015 τινα
1279 1973 1461 2027 τούτων,
1493 1971 1569 2021 οὓς

215 2050 322 2092 κατὰ
347 2050 448 2097 τοὺς
474 2048 637 2099 νόμους
664 2044 730 2100 ἐφ’
764 2046 869 2098 ὑμῖν
896 2044 1028 2100 ἐστιν,
1055 2046 1160 2086 ὅταν
1180 2044 1417 2099 βούλησθε,
1441 2043 1570 2085 κολά-

215 2124 322 2175 ζειν,
352 2119 434 2161 κᾶν
465 2119 547 2172 ἤδη
581 2119 687 2173 δοκῇ
719 2117 801 2159 κᾶν
834 2115 1060 2171 ἑπισχοῦσι
1093 2115 1191 2169 περὶ
1218 2114 1363 2156 αὐτῶν
1390 2121 1569 2156 σκοπεῖν

216 2190 424 2246 ἐγχωρεῖν
450 2191 651 2244 ἡγοῦμαι,
676 2188 747 2229 καὶ
768 2187 820 2230 οὐ
847 2187 963 2229 πάνυ
986 2188 1052 2228 δεῖ
1071 2187 1169 2240 περὶ
1189 2186 1358 2227 τούτων
1378 2181 1468 2226 οὔτῗ
1493 2182 1560 2237 ἔμ’
1589 2202 1623 2228 so

168 2274 188 2305 3
216 2261 306 2305 οὔτ’
339 2262 474 2303 ἄλλον
501 2258 646 2302 οὐδέν’
678 2260 995 2314 ἰσχυρίζεσθαι·
1018 2258 1097 2299 ὅσα
1119 2256 1156 2299 δ’
1183 2255 1341 2312 ἐχθρὸς
1361 2255 1570 2311 ὑπάρχων

1682 2237 1686 2258 λζ

1682 2291 1689 2318 ι,
