1689 2531
127 592 169 623 16

126 1160 168 1192 17

126 1515 168 1546 18

126 2014 168 2045 19

201 58 254 98 12
683 61 1058 94 ΔΗΜΟΣΘΕΝΟΤΣ
1518 64 1547 107 [1

197 155 401 209 μεγάλοις
430 155 613 210 [τόκοις]
641 157 801 210 μικρὸν
827 156 1148 211 εὐπορήσαντες
1173 159 1335 212 χρόνον
1360 158 1548 212 ὕστερον

196 226 269 267 καὶ
301 234 388 268 τῶν
422 226 615 281 ἀρχαίων
647 226 910 280 ἀπέστησαν,
944 227 1084 277 οὕτως
1109 227 1180 270 καὶ
1207 228 1329 284 ἡμεῖς
1357 228 1448 284 [ἂν]
1477 228 1548 271 ἐπὶ

196 300 345 354 πολλῷ
367 305 576 351 φανῶμεν
598 297 966 353 ἐρρᾳθυμηκότες,
985 297 1058 340 καὶ
1076 299 1246 341 ἅπαντα
1259 301 1367 355 πρὸς
1381 300 1549 355 ἡδονὴν

197 370 437 422 ζητοῦντες,
456 368 596 409 πολλὰ
615 367 688 409 καὶ
708 369 872 422 χαλεπὰ
893 365 955 410 ὧν
977 369 1057 410 οὐκ
1076 369 1341 424 ἠβουλόμεθ’
1361 371 1550 426 ὕστερον

197 440 258 488 εἰς
279 439 474 493 ἀνάγκην
494 437 698 493 ἔλθωμεν
710 447 870 493 ποιεῖν,
890 440 962 481 καὶ
976 441 1334 494 κινδυνεύσωμεν
1347 442 1447 497 περὶ
1460 450 1549 484 τῶν

197 509 244 552 ἐν
271 510 380 565 αὐτῇ
406 517 456 565 τῇ
483 512 612 566 χώρα.

263 582 319 623 Τὸ
352 579 432 635 μὲν
465 578 547 623 οὖν
579 580 782 634 ἐπιτιμᾶν
814 581 918 632 ἴσως
950 584 1088 638 φήσαι
1119 599 1184 633 τις
1215 582 1270 625 ἄν
1296 582 1452 640 ῥᾴδιον
1476 583 1548 627 καὶ

196 653 359 702 παντὸς
391 650 518 706 εἶναι,
552 653 600 694 τὸ
629 652 669 694 δ’
694 651 803 707 ὑπὲρ
832 661 921 695 τῶν
946 655 1180 709 παρόντων
1206 655 1229 697 ὅ
1257 671 1298 696 τι
1325 656 1392 697 δεῖ
1415 656 1549 709 πράτ-

196 738 289 765 τειν
314 723 660 779 ἀποφαίνεσθαι,
692 723 811 766 τοῦτ’
843 720 953 767 εἶναι
979 726 1247 780 συμβούλου.
1287 726 1371 780 ἐγὼ
1399 724 1436 767 δ’
1469 728 1549 769 οὐκ

197 794 341 848 ἀγνοῶ
380 792 461 849 μὲν
508 793 540 836 ὦ
579 796 737 849 ἄνδρες
773 795 999 850 Ἀθηναῖοι
1039 796 1186 850 τοῦθ’,
1223 797 1290 839 ὅτι
1326 796 1548 854 πολιλάκις

196 865 320 919 ὑμεῖς
359 866 411 907 οὐ
450 869 553 916 τοὺς
589 869 770 921 αι’τιόυς,
807 867 917 909 ἀλλὰ
949 869 1052 917 τοὺς
1083 867 1300 918 ὑστάτους
1329 867 1429 923 περὶ
1461 876 1549 911 τῶν

196 938 465 991 πραγμάτων
498 940 701 987 εἰπόντας
734 938 782 980 ἐν
815 938 922 994 ὀργῇ
955 943 1171 989 ποιεῖσθε,
1203 941 1260 981 ἄν
1289 955 1330 982 τι
1357 942 1414 993 μὴ
1441 941 1549 982 κατὰ

196 1009 377 1062 γνώμην
409 1008 531 1064 ἐκβῇ·
564 1009 617 1051 οὐ
651 1010 738 1063 μὴν
770 1004 891 1062 οἶμαι
923 1010 1020 1052 δεῖν
1050 1011 1131 1064 τὴν
1159 1011 1279 1052 ἰδιάν
1305 1010 1550 1065 ἀσφάλειαν

197 1078 449 1121 σκοποῦνθ’
490 1080 839 1122 ὑποστείλασθαι
889 1080 987 1135 περὶ
1039 1076 1103 1123 ὧν
1152 1082 1258 1135 ὑμῖν
1307 1081 1549 1137 συμφέρειν

196 1151 397 1205 ἡγοῦμαι.
433 1151 544 1205 φημὶ
570 1152 624 1205 δὴ
652 1153 751 1206 διχῇ
777 1151 1028 1206 βοηθητέον
1053 1149 1167 1194 εἶναι
1186 1161 1278 1202 τοῖς
1296 1153 1549 1207 πράγμασιν

194 1222 313 1276 ὑμῖν,
343 1228 401 1278 τῷ
430 1238 476 1263 τε
502 1223 579 1272 τὰς
604 1224 753 1272 πόλεις
780 1230 871 1272 τοῖς
893 1222 1144 1273 Ὀλυνθίοις
1170 1225 1322 1281 σῴζειν
1347 1223 1420 1266 καὶ
1446 1226 1549 1274 τοὺς

194 1299 325 1334 τοῦτο
364 1295 629 1348 ποιήσοντας
668 1295 933 1347 στρατιώτας
971 1293 1224 1349 ἐκπέμπειν,
1268 1295 1340 1337 καὶ
1377 1300 1436 1352 τῷ
1469 1296 1549 1350 τὴν

196 1364 368 1406 ἐκείνου
400 1366 548 1419 χώραν
579 1372 721 1414 κακῶς
751 1373 896 1407 ποιεῖν
921 1365 994 1407 καὶ
1020 1367 1216 1421 τριήρεσι
1242 1366 1314 1408 καὶ
1340 1367 1548 1421 στρατιώ-

195 1452 289 1485 ταις
323 1434 503 1490 ἑτέροις·
537 1438 576 1477 εἰ
608 1436 656 1478 δὲ
681 1436 876 1489 θατέρου
902 1437 1073 1478 τούτων
1098 1437 1400 1492 ὀλιγωρήσετε,
1433 1438 1547 1480 ὀκνῶ

195 1508 252 1560 μὴ
278 1507 460 1559 μάταιος
485 1508 591 1561 ἡμῖν
615 1507 641 1560 ἡ
669 1509 871 1562 στρατεία
892 1507 1080 1562 γένηται.
1116 1513 1200 1550 εἴτε
1221 1510 1302 1563 γὰρ
1325 1508 1449 1561 ὑμῶν
1467 1510 1548 1563 τὴν

196 1577 368 1619 ἐκείνου
407 1585 549 1628 κακῶς
587 1580 857 1633 ποιούντων,
894 1579 1136 1633 ὑπομείνας
1172 1577 1291 1622 τοῦτ’
1322 1579 1548 1622 Ὄλυνθον

195 1652 531 1703 παραστήσεται,
558 1649 720 1705 ῥαδίως
746 1649 817 1691 ἐπὶ
842 1651 924 1704 τὴν
948 1651 1116 1692 οἰκείαν
1135 1650 1282 1693 ἐλθὼν
1303 1651 1545 1704 ἀμυνεῖται·

195 1725 280 1761 εῐτε
306 1721 629 1774 βοηθησάντων
653 1723 793 1774 μόνον
815 1721 940 1775 ὑμῶν
960 1720 1274 1771 εἰςὌλυνθον,
1301 1722 1548 1771 ἀκινδύνως

196 1791 314 1844 ὁρῶν
340 1793 497 1845 ἔχοντα
521 1793 573 1833 τὰ
599 1796 714 1833 οἶκοι
740 1794 1110 1845 προσκαθεδεῖται
1136 1794 1208 1835 καὶ
1234 1793 1547 1848 προσεδρεύσει

195 1869 286 1912 τοῖς
305 1863 544 1916 πράγμασι,
563 1862 786 1914 περιέσται
810 1869 866 1920 τῷ
886 1865 1030 1920 χρόνῳ
1049 1872 1137 1906 τῶν
1151 1863 1547 1917 πολιορκουμένων.

195 1935 265 1976 δεῖ
290 1934 343 1987 δὴ
369 1935 539 1987 πολλὴν
564 1935 635 1976 καὶ
663 1936 762 1990 διχῇ
789 1936 871 1989 τὴν
895 1936 1112 1988 βοήθειαν
1137 1931 1262 1978 εἶναι.

255 2004 342 2047 Καὶ
368 2004 468 2060 περὶ
494 2003 575 2058 μὲν
599 2012 675 2060 τῆς
699 2008 911 2060 βοηθείας
936 2012 1072 2048 ταῦτα
1097 2008 1346 2061 γιγνώσκω·
1374 2007 1472 2062 περὶ
1499 2004 1546 2048 δὲ

196 2076 428 2130 χρημάτων
465 2077 621 2130 πόρου,
659 2074 781 2118 ἔστιν
819 2075 852 2119 ὦ
892 2078 1052 2132 ἄνδρες
1086 2077 1311 2132 Ἀθηναῖοι
1351 2076 1540 2132 χρήμαθ’

196 2147 316 2199 ὑμῖν,
347 2145 469 2189 ἔστιν
500 2144 565 2189 ὅσ’
597 2146 748 2189 οὐδενὶ
773 2155 863 2189 τῶν
887 2149 1035 2190 ἄλλων
1060 2147 1314 2203 ἀνθρώπων
1339 2161 1546 2202 στρατιω-

1570 1169 1601 1195 15

1568 1526 1602 1550 20

1568 1881 1600 1906 25

197 2218 311 2259 τικά·
345 2224 482 2261 ταῦτα
513 2217 552 2259 δ’
577 2218 702 2273 ὑμεῖς
727 2219 866 2268 οὕτως
891 2220 949 2269 ὡς
974 2220 1192 2273 βούλεσθε
1219 2220 1469 2272 λαμβάνετε.
1508 2221 1546 2262 εἰ
1565 2236 1600 2262 ao
