1689 2531
718 520 799 562 XII

379 616 745 665 ΕΙΠΣΤΟΛΗ
783 616 1135 665 ΦΙΛΙΠΠΟΤ

151 723 363 772 Φίλιππος
389 719 632 776 Ἀθηναίων
659 728 709 777 τῇ
735 724 875 777 βουλῇ
907 722 979 763 καὶ
1011 726 1070 778 τῷ
1098 723 1218 778 δήμῳ
1250 723 1431 777 χαίρειν.

82 792 257 848 Ἐπειδὴ
283 793 489 842 πολλάκις
514 808 598 845 μου
619 792 820 847 πρέσβεις
842 792 1190 847 ἀποστείλαντος,
1215 789 1272 834 ἵν’
1291 791 1432 845 ἐμμεί-

87 880 232 917 νωμεν
265 871 355 913 τοῖς
391 864 535 918 ὅρκοις
570 864 640 904 καὶ
666 870 757 912 ταῖς
785 863 1047 917 ὁμολογίαις,
1082 863 1291 915 οὐδεμίαν
1318 862 1434 905 ἑποι-

89 932 201 978 εῖσθ’
228 933 510 989 ἐπιστροφήν,
529 932 644 991 ᾤμην
665 935 758 976 δεῖν
784 936 947 986 πέμψαι
973 935 1080 988 πρὸς
1106 933 1216 986 ὑμᾶς
1241 934 1350 988 ὑπὲρ
1372 931 1434 976 ὧν

53 1023 68 1050 5
88 1006 336 1047 ἀδικεῖσθαι
362 1006 532 1058 νομίζω.
573 1007 630 1059 μὴ
656 1005 911 1058 θαυμάσητε
939 1005 986 1046 δὲ
1011 1007 1059 1046 τὸ
1085 1011 1217 1058 μῆκος
1244 1012 1318 1058 τῆς
1345 1004 1435 1046 ἑπι-

89 1080 260 1130 στολῆς·
292 1079 467 1118 πολλῶν
486 1076 568 1131 γὰρ
590 1076 876 1131 ὑπαρχόντων
898 1074 1176 1129 ἐγκλημάτων
1196 1074 1435 1129 ἀναγκαῖόν

0 1151 68 1187 [59
89 1147 208 1190 ἐστιν
232 1147 341 1202 ὑπὲρ
369 1146 585 1203 ἁπάνΙτων
612 1147 802 1200 δηλῶσαι
829 1150 1044 1200 καθαρῶς.

148 1223 336 1273 Πρῶτον
361 1219 441 1270 μὲν
467 1219 549 1272 γὰρ
571 1219 732 1259 Νικίου
759 1223 838 1258 τοῦ
858 1219 1044 1271 κήρυκος
1066 1216 1368 1271 ἁρπασθέντος
1391 1215 1436 1258 ἐκ
1463 1227 1483 1256 2

88 1296 162 1344 τῆς
193 1289 334 1344 χώρας
365 1296 439 1343 τῆς
472 1287 592 1344 ἐμῆς,
624 1288 703 1343 οὐχ
730 1289 796 1330 ὅτι
821 1295 911 1338 τοῖς
937 1294 1269 1342 παρανομοῦσιν
1301 1286 1436 1329 ε’πετι-

36 1378 70 1404 10
89 1363 250 1415 μήσατε
282 1361 363 1414 τὴν
395 1361 541 1414 δίκην,
572 1359 680 1401 ἀλλὰ
712 1360 790 1401 τὸν
826 1359 1117 1411 ἀδικούμενον
1143 1358 1309 1412 εἵρξατε
1336 1357 1438 1399 δέκα

89 1437 243 1485 μῆνας·
270 1431 318 1480 ἃς
345 1428 381 1472 δ’
414 1429 572 1484 ἔφερεν
598 1428 696 1481 παρ’
730 1431 850 1483 ἡμῶν
877 1428 1116 1483 ἐπιστολάς,
1142 1426 1347 1482 ἀνέγνωτ’
1369 1427 1439 1469 ἐπὶ

89 1508 168 1544 τοῦ
199 1503 400 1556 βήματος.
441 1499 587 1543 ἔπειτα
618 1502 793 1542 Θασίων
818 1500 1153 1554 ὑποδεχομένων
1179 1500 1253 1549 τὰς
1274 1502 1439 1550 Βυζαν-

89 1574 195 1615 τίων
225 1574 414 1627 τριήρεις
445 1573 516 1613 καὶ
542 1579 630 1612 τῶν
657 1575 826 1628 λῃστῶν
852 1573 952 1620 τοὺς
985 1570 1280 1623 βουλομένους
1307 1570 1439 1612 οὐδὲν

92 1642 381 1698 ἐφροντίζετε,
412 1650 500 1684 τῶν
527 1646 764 1696 συνθηκῶν
797 1642 1039 1695 διαρρήδην
1066 1645 1289 1694 λεγουσῶν
1314 1644 1439 1682 πολε-

38 1731 72 1757 15
91 1715 216 1767 μίους
243 1710 354 1756 εἶναι
381 1715 482 1763 τοὺς
508 1719 643 1754 ταῦτα
668 1719 913 1762 ποιοῦντας.
953 1710 1015 1753 ἔτι
1040 1714 1195 1753 τοίνυν
1220 1712 1318 1765 περὶ
1338 1713 1440 1760 τοὺς
1467 1721 1486 1752 3

92 1784 252 1834 αὐτοὺς
271 1785 459 1839 χρόνους
480 1785 726 1837 Διοπείθης
748 1782 947 1836 ἐμβαλὼν
968 1785 1027 1832 εἰς
1047 1784 1127 1837 τὴν
1148 1783 1294 1836 χώραν
1315 1785 1439 1836 Κρω-

92 1856 234 1909 βύλην
259 1855 339 1908 μὲν
364 1855 435 1896 καὶ
462 1856 542 1909 τὴν
575 1855 830 1908 Τιρίστασιν
857 1852 1266 1907 ἐξηνδραποδίσατο,
1292 1854 1371 1906 τὴν
1393 1853 1440 1894 δὲ

93 1932 282 1980 προσεχῆ
319 1923 494 1982 Θρᾴκην
527 1924 794 1979 ἐπόρθησεν,
824 1924 944 1974 τέλος
977 1923 1016 1965 δ’
1054 1926 1114 1974 εἷς
1148 1921 1264 1965 τοῦτ’
1301 1921 1441 1977 ἦλθεν

93 1997 382 2050 παρανομίας,
408 1993 510 2037 ὥστ’
532 1993 794 2050 Ἀμφίλοχον
818 1995 927 2050 ὑπὲρ
954 2002 1041 2036 τῶν
1067 1994 1348 2049 αἰχμαλώτων
1375 1992 1441 2035 ἐλ-

42 2085 75 2110 20
94 2068 236 2108 θόντα
267 2067 539 2120 πρεσβευτὴν
572 2067 803 2119 συλλαβὼν
834 2067 904 2107 καὶ
937 2066 1010 2115 τὰς
1047 2064 1224 2120 ἐσχάτας
1251 2064 1440 2118 ἀνάγκας

95 2136 262 2186 ἐπιθεὶς
307 2136 613 2190 ἀπελύτρωσεν
656 2136 880 2177 ταλάντων
919 2134 1061 2177 ἐννέα·
1106 2136 1177 2176 καὶ
1215 2141 1350 2176 ταῦτα
1387 2139 1446 2190 τῷ

97 2209 216 2265 δήμῳ
250 2205 534 2249 συνδοκοῦντ’
567 2206 781 2261 ἐποίησεν.
825 2208 964 2248 καίτοι
1001 2207 1049 2248 τὸ
1086 2212 1355 2260 παρανομεῖν
1382 2206 1441 2255 εἰς
1469 2216 1488 2245 4
