1689 2531
226 107 309 148 112
708 108 1084 142 ΔΗΜΟΣΘΕΝΟΤΣ
1512 111 1571 156 [rx

220 220 312 260 χον,
337 206 505 258 μᾶλλον
525 204 573 246 δὲ
592 207 835 259 πολιτικῶς,
860 201 962 246 ὥστ’
984 204 1088 247 οὐδὲ
1107 206 1339 261 χρημάτων
1359 206 1570 250 ὠνεῖσθαι

220 274 318 330 παρ’
352 275 534 326 οὐδενὸς
571 275 721 331 οὐδέν,
753 273 844 317 ἀλλ’
878 272 990 318 εἶναι
1021 278 1210 330 νόμιμόν
1240 293 1340 320 τινα
1371 279 1442 320 καὶ
1467 293 1572 335 προ-

149 358 192 389 49
221 353 339 401 φανῆ
365 347 443 389 τὸν
468 348 671 400 πόλεμον.
703 347 806 389 νυνὶ
833 344 870 388 δ’
903 347 1030 403 ὁρᾶτε
1055 348 1135 401 μὲν
1163 349 1303 403 δήπου
1323 350 1374 391 τὰ
1393 353 1573 392 πλεῖστα

218 421 319 468 τοὺς
351 419 567 473 προδότας
601 418 946 473 ἀπολωλεκότας,
986 419 1119 462 οὐδὲν
1152 417 1190 461 δ’
1222 419 1268 462 ἐκ
1298 420 1573 476 παρατάξεως

219 490 323 532 οὐδὲ
354 490 490 545 μάχης
522 491 805 544 γιγνόμενον·
843 489 1022 533 ἀκούετε
1058 491 1105 533 δὲ
1136 492 1357 534 Φίλιππον
1389 492 1487 548 οὐχὶ
1519 498 1609 551 τῷ5

220 558 406 616 φάλαγγ’
445 561 636 602 ὁπλιτῶν
662 561 786 615 ἄγειν
822 559 1049 615 βαδίζονθ’
1082 563 1181 604 ὅποι
1206 563 1430 618 βούλεται,
1463 563 1573 606 ἀλλὰ

219 637 278 690 τῷ
297 632 467 687 ψιλούς,
494 631 659 687 ἱππέας,
683 632 874 688 τοξότας,
894 632 1058 688 ξένους,
1083 640 1287 676 τοιοῦτον
1308 633 1573 690 ἐξηρτῆσθαι

150 714 193 744 50
222 704 530 758 στρατόπεδον.
562 702 740 745 ἐπειδὰν
767 701 803 745 δ’
837 703 906 745 ἐπὶ
932 705 1103 754 τούτοις
1129 706 1237 760 πρὸς
1262 712 1505 756 νοσοῦντας
1526 705 1574 749 ἐν

221 773 625 832 αὑτοῖςΙπροσπέσῃ
646 775 716 816 καὶ
736 776 885 830 μηδεὶς
906 776 1014 830 ὑπὲρ
1035 783 1109 831 τῆς
1130 776 1270 831 χώρας
1295 774 1350 818 δι’
1370 775 1575 819 ἀπιστίαν
1596 782 1671 819 124

222 844 324 904 ἐξίῃ,
349 844 616 901 μηχανήματ’
649 844 880 900 ἐπιστήσας
900 850 1135 902 πολιορκεῖ.
1176 864 1248 889 και
1271 855 1418 890 σιωπῶ
1439 848 1572 903 θέρος
1595 870 1627 895 10

221 917 293 958 καὶ
318 925 521 972 χειμῶνα,
546 918 602 967 ὡς
629 917 762 959 οὐδὲν
783 917 994 973 διαφέρει,
1021 916 1113 960 οὐδ’
1140 916 1225 960 ἔστ’
1253 917 1466 975 ἐξαίρετος
1486 920 1578 975 ὥρα

150 1001 192 1031 51
221 1004 284 1038 τις
311 989 366 1043 ἣν
393 989 618 1031 διαλείπει.
650 995 787 1030 ταῦτα
812 989 962 1042 μέντοι
988 989 1152 1040 πάντας
1174 991 1342 1040 εἰδότας
1369 991 1440 1032 καὶ
1461 994 1579 1045 λογι-

221 1060 427 1120 ζομένους
454 1060 506 1102 οὐ
534 1061 601 1102 δεῖ
626 1060 873 1115 προσέσθαι
899 1061 977 1102 τὸν
1003 1062 1195 1114 πόλεμον
1230 1062 1290 1111 εἷς
1316 1063 1396 1116 τὴν
1421 1062 1580 1117 χώραν,

222 1129 315 1174 οὐδ’
348 1133 408 1181 εἰς
434 1133 514 1186 τὴν
541 1131 752 1185 εὐήθειαν
774 1132 854 1186 τὴν
874 1137 952 1173 τοῦ
973 1132 1069 1173 τότε
1083 1132 1191 1186 πρὸς
1205 1133 1580 1186 Λακεδαιμονίους

221 1202 413 1255 πολέμου
445 1202 686 1256 βλέποντας
726 1201 1140 1258 ἐκτραχηλισθῆναι,
1175 1202 1255 1245 ἀλλ
1299 1204 1356 1253 ὡς
1388 1202 1435 1246 ἐκ
1459 1205 1578 1246 πλεί-
1599 1225 1631 1251 15

223 1286 328 1316 στου
357 1275 660 1329 φυλάττεσθαι
695 1281 785 1324 τοῖς
811 1274 1034 1329 πράγμασι
1060 1275 1131 1315 καὶ
1157 1281 1249 1324 ταῖς
1275 1282 1580 1330 παρασκευαῖς,

224 1346 338 1395 ὅπως
372 1346 553 1388 οἴκοθεν
584 1346 640 1400 μὴ
673 1347 896 1399 κινήσεται
930 1351 1221 1400 σκοποῦντας,
1254 1345 1351 1401 οὐχὶ
1384 1350 1577 1399 συμπλα-

152 1430 195 1461 52
222 1416 374 1466 κέντας
390 1417 741 1471 διαγωνίζεσθαι.
773 1417 881 1471 πρὸς
895 1416 975 1469 μὲν
989 1417 1072 1471 γὰρ
1088 1418 1280 1469 πόλεμον
1294 1418 1434 1459 πολλὰ
1448 1418 1579 1473 φύσει

224 1485 567 1542 πλεονεκτήμαθ’
594 1489 698 1542 ἡμῖν
723 1487 920 1543 ὑπάρχει,
946 1488 1001 1529 ἄν
1020 1502 1099 1542 περ
1129 1485 1161 1529 ὦ
1188 1489 1343 1542 ἄνδρες
1354 1486 1580 1543 Ἀθηναῖοι

224 1567 368 1602 ποιεῖν
401 1558 623 1612 ἐθέλωμεν
656 1559 681 1601 ἃ
714 1560 798 1614 δεῖ,
830 1560 854 1614 ἡ
886 1559 1018 1614 φύσις
1051 1566 1126 1614 τῆς
1153 1558 1322 1601 ἐκείνου
1349 1560 1508 1615 χώρας,
1532 1557 1582 1614 ἧς
1602 1581 1636 1607 20

226 1632 351 1685 ἄγειν
381 1631 453 1672 καὶ
487 1630 640 1685 φέρειν
672 1628 792 1672 ἔστιν
824 1631 993 1685 πολλὴν
1024 1631 1095 1672 καὶ
1121 1637 1260 1680 κακῶς
1286 1638 1442 1685 ποιεῖν,
1473 1631 1582 1673 ἄλλα

226 1703 378 1756 μυρία·
405 1703 466 1752 εἰς
494 1699 532 1743 δ’
565 1699 696 1756 ἀγῶν’
730 1702 912 1754 ἄμεινον
938 1703 1060 1756 ἡμῶν
1087 1700 1250 1751 ἐκεῖνος
1275 1703 1469 1756 ἤσκηται.

157 1786 200 1816 53
292 1774 355 1816 Οὐ
382 1775 521 1826 μόνον
554 1774 601 1815 δὲ
635 1774 702 1815 δεῖ
726 1779 861 1814 ταῦτα
887 1773 1162 1828 γιγνώσκειν,
1193 1772 1298 1815 οὐδὲ
1323 1780 1413 1822 τοῖς
1439 1771 1582 1828 ἔργοις

228 1844 398 1888 ἐκεῖνον
424 1845 673 1897 ἀμύνεσθαι
699 1851 790 1894 τοῖς
815 1850 894 1886 τοῦ
921 1843 1126 1898 πολέμου,
1152 1843 1261 1885 ἀλλὰ
1287 1844 1358 1885 καὶ
1383 1848 1443 1901 τῷ
1465 1847 1582 1899 λογι-

229 1922 321 1974 σμῷ
347 1917 418 1958 καὶ
444 1924 495 1972 τῇ
523 1917 697 1973 διανοίᾳ
723 1918 824 1966 τοὺς
844 1914 944 1970 παρ’
964 1916 1070 1968 ὑμῖν
1089 1915 1198 1970 ὑπὲρ
1220 1915 1356 1958 αὐτοῦ
1379 1915 1583 1971 λέγοντας
1603 1937 1636 1963 25

85 2000 163 2026 vm
175 2001 208 2026 61
228 1995 421 2042 μισῆσαι,
447 1986 807 2041 ἐνθυμουμένους
835 1988 900 2029 ὅτι
933 1987 1013 2029 οὐκ
1038 1984 1180 2029 ἔνεστι
1206 1994 1294 2029 τῶν
1319 1993 1393 2041 τῆς
1419 1988 1583 2037 πόλεως

229 2058 404 2115 ἐχθρῶν
430 2065 689 2114 κρατῆσαι,
679 2059 784 2114 πρὶν
811 2058 866 2101 ἂν
890 2060 993 2108 τοὺς
1021 2057 1068 2100 ἐν
1094 2058 1203 2114 αὐτῇ
1229 2065 1281 2114 τῇ
1307 2060 1431 2101 πόλει
1457 2058 1583 2101 κολά-

159 2143 203 2173 54
231 2128 330 2185 σήθ’
363 2131 687 2185 ὑπηρετοῦντας
715 2129 908 2179 ἐκείνοις.
942 2130 964 2171 ὃ
990 2130 1049 2182 μὰ
1074 2130 1152 2171 τὸν
1177 2131 1267 2171 Δία
1292 2130 1363 2171 καὶ
1383 2131 1484 2180 τοὺς
1511 2130 1585 2171 ἅλ-

231 2206 334 2252 λους
365 2203 500 2252 θεοὺς
533 2201 585 2243 οὐ
613 2199 851 2255 δυνήσεσθ’
883 2201 1005 2254 ὑμεῖς
1031 2207 1221 2256 ποιῆσαι,
1253 2198 1344 2243 ἀλλ’
1377 2202 1436 2251 εἰς
1462 2199 1578 2243 τοῦτ’

231 2273 397 2328 ἀφῖχθε
422 2273 586 2329 μωρίας
611 2272 636 2327 ἢ
664 2273 904 2328 παρανοίας
931 2271 955 2326 ἢ
983 2272 1064 2313 οὐκ
1091 2270 1171 2327 ἔχω
1198 2273 1243 2313 τί
1267 2272 1376 2326 λέγω
1404 2272 1583 2329 (πολλά-
1603 2291 1637 2317 so
