1689 2531
115 1421 157 1452 10

117 1849 158 1878 11

178 101 234 143 62
663 100 1038 133 ΔΗΜΟΣΘΕΝΟΤΣ
1467 99 1528 146 [v1

177 213 270 240 τειν
301 198 541 251 προείλετο.
590 197 635 237 τί
665 196 843 250 δήποτε;
883 195 948 237 ὅτι
980 195 1088 250 πρὸς
1120 194 1376 246 πλεονεξίαν
1408 191 1528 248 οἶμαι

178 269 249 310 καὶ
275 270 324 310 τὸ
352 266 487 310 πάνθ’
512 264 588 322 ὑφ’
615 266 733 324 αὑτῷ
752 268 1024 321 ποιήσασθαι
1049 268 1152 316 τοὺς
1179 268 1415 321 λογισμοὺς
1442 265 1528 318 ἐξε-

178 339 328 394 τάζων,
354 340 425 380 καὶ
446 338 544 393 οὐχὶ
564 338 672 393 πρὸς
693 339 872 393 εἰρήνην
899 335 992 380 οὐδ’
1018 338 1205 393 ἡσυχίαν
1232 337 1336 380 οὐδὲ
1356 338 1529 380 δίκαιον

181 410 327 465 οὐδέν,
359 407 448 452 εἶδε
479 407 596 452 τοῦτ’
630 409 789 465 ὀρθῶς,
822 410 887 451 ὅτι
916 416 968 465 τῇ
993 409 1075 462 μὲν
1099 409 1284 466 ἡμετέρᾳ
1309 409 1432 451 πόλει
1458 409 1530 450 καὶ

178 489 268 532 τοῖς
293 482 426 536 ἤθεσι
451 487 541 531 τοῖς
567 479 790 535 ἡμετέροις
818 480 951 522 οὐδὲν
976 480 1032 522 ἂν
1058 478 1296 531 ἐνδείξαιτο
1316 486 1530 522 τοσοῦτον

180 553 284 595 οὐδὲ
310 554 546 607 ποιήσειεν,
571 549 648 607 ὑφ’
675 548 728 594 οὗ
755 550 1010 601 πεισθέντες
1031 551 1152 604 ὑμεῖς
1175 557 1250 606 τῆς
1277 552 1389 601 ἰδίας
1415 550 1524 593 ἕνεκ’

180 625 392 679 ὠφελείας
424 632 512 666 τῶν
545 624 690 665 ἄλλων
722 624 844 673 τινὰς
869 620 1094 677 Ἑλλήνων
1128 621 1277 679 ἐκείνῳ
1303 623 1532 678 πρόοισθε,

181 695 290 737 ἀλλὰ
315 695 387 736 καὶ
413 700 492 737 τοῦ
514 695 686 736 δικαίου
709 696 843 749 λόγον
862 694 1133 749 ποιούμενοι,
1151 694 1222 735 καὶ
1242 694 1323 749 τὴν
1342 699 1532 747 προσοῦ-

181 778 264 808 σαν
290 765 471 816 ἀδοξίαν
491 771 550 823 τῷ
570 765 789 820 πράγματι
811 766 1064 820 φεύγοντες,
1088 765 1160 806 καὶ
1185 762 1318 806 πάνθ’
1347 764 1373 807 ἃ
1398 776 1532 819 προσ-

180 839 274 892 ήκει
299 837 615 892 προορώμενοι,
641 836 798 889 ὁμοίως
826 835 1160 891 ἐναντιώσεσθε,
1186 836 1241 877 ἄν
1266 852 1307 878 τι
1327 842 1532 879 τοιοῦτον

182 907 375 965 ἐπιχειρῇ
412 909 632 963 πράττειν,
670 908 814 962 ὥσπερ
855 907 909 949 ἂν
948 909 984 950 εἰ
1022 911 1314 961 πολεμοῦντες
1348 908 1532 963 τύχοιτε.

181 981 282 1030 τοὺς
315 980 363 1021 δὲ
393 981 613 1034 Θηβαίους
646 980 793 1033 ἡγεῖτο
827 978 951 1036 (ὅπερ
980 977 1164 1035 συνέβη)
1198 977 1296 1020 ἀντὶ
1322 985 1410 1021 τῶν
1435 977 1534 1021 ἑαυ-

182 1058 272 1101 τοῖς
305 1050 581 1105 γιγνομένων
612 1052 664 1092 τὰ
697 1051 826 1092 λοιπὰ
853 1049 998 1092 ἐάσειν
1027 1051 1142 1100 ὅπως
1170 1050 1376 1104 βούλεται
1401 1050 1534 1106 πράτ-

182 1138 275 1164 τειν
302 1121 472 1177 ἑαυτόν,
498 1123 569 1163 καὶ
597 1122 676 1177 οὐχ
705 1122 820 1172 ὅπως
840 1120 1121 1176 ἀντιπράξειν
1141 1121 1212 1163 καὶ
1233 1121 1535 1176 διακωλύσειν,

183 1193 292 1235 ἀλλὰ
312 1193 384 1235 καὶ
405 1193 759 1248 συστρατεύσειν,
780 1192 834 1234 ἂν
854 1191 1210 1250 0613101‘291225281537.
1237 1192 1309 1234 καὶ
1327 1198 1414 1234 νῦν
1432 1194 1534 1243 τοὺς

183 1266 468 1319 ΝΙεσσηνίους
483 1265 554 1306 καὶ
570 1266 672 1314 τοὺς
684 1262 904 1319 Ἀργείους
925 1262 1053 1306 ταῦθ’
1074 1264 1326 1319 ὑπειληφὼς
1346 1260 1395 1305 εὖ
1409 1270 1535 1306 ποιεῖ.

184 1336 205 1378 ὃ
233 1337 305 1378 καὶ
331 1335 539 1391 μέγιστόν
561 1335 651 1378 ἐστι
677 1333 777 1378 καθ’
804 1335 929 1389 ὑμῶν
951 1334 1166 1391 ἐγκώμιον
1187 1332 1219 1377 ὦ
1241 1335 1398 1390 ἄνδρες
1408 1332 1536 1389 Ἀθη-

184 1415 319 1450 ναῖοι·
353 1407 561 1462 κέκρισθε
593 1408 675 1461 γὰρ
710 1406 756 1449 ἐκ
787 1407 957 1449 τούτων
988 1413 1077 1448 τῶν
1107 1404 1251 1461 ἔργων
1285 1407 1413 1460 μόνοι
1447 1413 1536 1448 τῶν

184 1479 362 1521 πάντων
387 1480 574 1533 μηδενὸς
601 1478 655 1520 ἂν
682 1479 865 1533 κέρδους
890 1479 942 1520 τὰ
965 1479 1091 1520 κοινὰ
1113 1478 1258 1519 δίκαια
1278 1484 1366 1519 τῶν
1385 1475 1535 1531 (Ελλή-

184 1567 276 1593 νων
310 1550 546 1605 προέσθαι,
585 1549 684 1604 μηδ’
722 1548 1078 1600 ἀνταλλάξασθαι
1114 1550 1325 1603 μηδεμιᾶς
1362 1548 1536 1604 χάριτος

185 1619 283 1676 μηδ’
310 1622 522 1676 ὠφελείας
548 1623 629 1676 τὴν
656 1623 715 1671 εἰς
736 1623 838 1671 τοὺς
855 1618 1068 1675 ’Έλληνας
1095 1620 1287 1663 εὔνοιαν.
1322 1620 1393 1662 καὶ
1412 1616 1530 1661 ταῦτ’

186 1694 360 1743 εἰκότως
386 1693 458 1735 καὶ
477 1693 577 1747 περὶ
596 1693 721 1745 ὑμῶν
742 1692 878 1742 οὕτως
898 1692 1143 1746 ὑπείληφεν
1162 1691 1233 1733 καὶ
1258 1688 1349 1733 κατ’
1372 1688 1537 1745 Ἀργεί-

187 1781 249 1806 ων
280 1764 351 1806 καὶ
382 1765 588 1818 Θηβαίων
620 1764 676 1813 ὡς
709 1762 882 1818 ἑτέρως,
914 1763 966 1805 οὐ
998 1763 1138 1816 μόνον
1170 1763 1229 1813 εἰς
1261 1763 1313 1804 τὰ
1341 1760 1531 1816 παρόνθ’

188 1836 317 1891 ὁρῶν,
348 1834 458 1877 ἀλλὰ
489 1835 561 1877 καὶ
595 1835 648 1877 τὰ
682 1835 766 1888 πρὸ
805 1835 975 1876 τούτων
1013 1834 1300 1888 λογιζόμενος.
1346 1833 1537 1888 εὑρίσκει

187 1907 269 1963 γὰρ
309 1902 429 1960 οἶμαι
466 1906 538 1948 καὶ
577 1906 725 1949 ἀκούει
764 1908 866 1956 τοὺς
896 1906 976 1958 μὲν
1009 1904 1245 1960 ὑμετέρους
1277 1905 1538 1959 προγόνους,

188 1977 287 2029 ἐξὸν
319 1977 467 2028 αὐτοῖς
498 1985 587 2020 τῶν
620 1981 786 2020 λοιπῶν
819 1978 969 2032 ἄρχειν
996 1974 1219 2030 Ἑλλήνων
1245 1973 1344 2018 ὥστ’
1377 1974 1537 2024 αὐτοὺς

187 2050 429 2092 ὑπακούειν
454 2051 637 2104 βασιλεῖ,
664 2049 716 2091 οὐ
743 2049 881 2101 μόνον
908 2048 988 2090 οὐκ
1012 2046 1337 2103 ἀνασχομένους
1362 2047 1441 2089 τὸν
1467 2047 1538 2088 λό-

188 2138 269 2176 γον
294 2127 466 2175 τοῦτον,
491 2118 602 2175 ἡνίκ’
629 2117 770 2174 ἦλθεν
789 2118 1068 2174 Ἀλέξανδρος
1089 2119 1111 2161 ὁ
1132 2119 1302 2161 τούτων
1321 2118 1538 2172 πρόγονος

189 2193 287 2247 περὶ
313 2192 482 2234 τούτων
507 2190 662 2246 κῆρυξ,
693 2190 803 2232 ἀλλὰ
833 2191 905 2232 καὶ
937 2191 1017 2245 τὴν
1043 2190 1189 2245 χώραν
1216 2188 1408 2231 ἐκλιπεῖν
1433 2203 1537 2244 προ-

191 2263 424 2316 ελομένους
458 2262 530 2304 καὶ
567 2266 731 2304 παθεῖν
769 2262 920 2304 ὁτιοῦν
955 2261 1293 2315 ὑπομείναντας,
1330 2260 1401 2301 καὶ
1433 2259 1539 2312 μετὰ

1552 852 1586 878 10

1555 1194 1605 1230 68

1556 1279 1589 1306 16

1556 1563 1591 1589 20

1557 1919 1590 1946 25

1558 2275 1592 2302 ³0
