<?xml version="1.0" encoding="UTF-8"?>
<!DOCTYPE html PUBLIC "-//W3C//DTD XHTML 1.0 Transitional//EN"
    "http://www.w3.org/TR/xhtml1/DTD/xhtml1-transitional.dtd">
<html xmlns="http://www.w3.org/1999/xhtml" xml:lang="en" lang="en">
 <head>
  <title>
</title>
<meta http-equiv="Content-Type" content="text/html;charset=utf-8" />
  <meta name='ocr-system' content='tesseract 3.04.00' />
  <meta name='ocr-capabilities' content='ocr_page ocr_carea ocr_par ocr_line ocrx_word'/>
</head>
<body>
  <div class='ocr_page' id='page_1' title='image "./demosthenisorati0101demouoft_0064.png"; bbox 0 0 1689 2531; ppageno 0'>
   <div class='ocr_carea' id='block_1_1' title="bbox 100 335 143 366">
    <p class='ocr_par' dir='ltr' id='par_1_1' title="bbox 100 335 143 366">
     <span class='ocr_line' id='line_1_1' title="bbox 100 335 143 366; baseline 0 0"><span class='ocrx_word' id='word_1_1' title='bbox 100 335 143 366; x_wconf 84' lang='lat'><em>25</em></span> 
     </span>
    </p>
   </div>
   <div class='ocr_carea' id='block_1_2' title="bbox 167 86 1519 134">
    <p class='ocr_par' dir='ltr' id='par_1_2' title="bbox 167 86 1519 134">
     <span class='ocr_line' id='line_1_2' title="bbox 167 86 1519 134; baseline 0.001 -14"><span class='ocrx_word' id='word_1_2' title='bbox 167 86 223 128; x_wconf 82' lang='lat'><em>58</em></span> <span class='ocrx_word' id='word_1_3' title='bbox 405 88 780 122; x_wconf 84' lang='grc' dir='ltr'>ΔΗΜΟΣΘΕΝΟΤΣ</span> <span class='ocrx_word' id='word_1_4' title='bbox 807 89 920 121; x_wconf 90' lang='grc' dir='ltr'><strong>ΠΕΡΙ</strong></span> <span class='ocrx_word' id='word_1_5' title='bbox 944 89 1041 120; x_wconf 90' lang='grc' dir='ltr'><em>ΤΗΣ</em></span> <span class='ocrx_word' id='word_1_6' title='bbox 1066 89 1282 121; x_wconf 81' lang='grc' dir='ltr'>ΕΙΡΗΝΗΣ</span> <span class='ocrx_word' id='word_1_7' title='bbox 1476 89 1519 134; x_wconf 84' lang='lat' dir='ltr'><em>[V</em></span> 
     </span>
    </p>
   </div>
   <div class='ocr_carea' id='block_1_3' title="bbox 167 181 1572 1090">
    <p class='ocr_par' dir='ltr' id='par_1_3' title="bbox 167 181 1572 1090">
     <span class='ocr_line' id='line_1_3' title="bbox 167 181 1520 238; baseline 0.001 -14"><span class='ocrx_word' id='word_1_8' title='bbox 167 183 378 238; x_wconf 90' lang='grc' dir='ltr'><em>πόλεμον,</em></span> <span class='ocrx_word' id='word_1_9' title='bbox 410 181 554 225; x_wconf 79' lang='grc' dir='ltr'><em>ἐκεῖνα</em></span> <span class='ocrx_word' id='word_1_10' title='bbox 585 183 799 238; x_wconf 89' lang='grc' dir='ltr'><em>βούλομαι</em></span> <span class='ocrx_word' id='word_1_11' title='bbox 826 185 1103 238; x_wconf 81' lang='grc' dir='ltr'><em>λογίσασθαι.</em></span> <span class='ocrx_word' id='word_1_12' title='bbox 1146 184 1266 238; x_wconf 85' lang='grc' dir='ltr'><em>ἡμεῖς</em></span> <span class='ocrx_word' id='word_1_13' title='bbox 1303 185 1520 238; x_wconf 78' lang='grc' dir='ltr'><em>Θηβαίους</em></span> 
     </span>
     <span class='ocr_line' id='line_1_4' title="bbox 169 251 1520 311; baseline 0.001 -16"><span class='ocrx_word' id='word_1_14' title='bbox 169 252 307 307; x_wconf 82' lang='grc' dir='ltr'><em>ἐῶμεν</em></span> <span class='ocrx_word' id='word_1_15' title='bbox 338 251 455 309; x_wconf 83' lang='grc' dir='ltr'><em>ἔχειν</em></span> <span class='ocrx_word' id='word_1_16' title='bbox 480 252 698 309; x_wconf 82' lang='grc' dir='ltr'><em>Ὠρωπόν·</em></span> <span class='ocrx_word' id='word_1_17' title='bbox 730 254 802 296; x_wconf 84' lang='grc' dir='ltr'><em>καὶ</em></span> <span class='ocrx_word' id='word_1_18' title='bbox 834 255 874 296; x_wconf 86' lang='grc' dir='ltr'><em>εἴ</em></span> <span class='ocrx_word' id='word_1_19' title='bbox 896 270 960 304; x_wconf 85' lang='grc' dir='ltr'><em>τις</em></span> <span class='ocrx_word' id='word_1_20' title='bbox 987 252 1125 309; x_wconf 78' lang='grc' dir='ltr'><em>ἔροιθ’</em></span> <span class='ocrx_word' id='word_1_21' title='bbox 1157 255 1284 311; x_wconf 84' lang='grc' dir='ltr'><em>ἡμᾶς,</em></span> <span class='ocrx_word' id='word_1_22' title='bbox 1314 255 1520 305; x_wconf 85' lang='grc' dir='ltr'><em>κελεύσας</em></span> 
     </span>
     <span class='ocr_line' id='line_1_5' title="bbox 171 324 1521 381; baseline 0.001 -15"><span class='ocrx_word' id='word_1_23' title='bbox 171 326 310 367; x_wconf 83' lang='grc' dir='ltr'><em>εἰπεῖν</em></span> <span class='ocrx_word' id='word_1_24' title='bbox 329 324 513 379; x_wconf 80' lang='grc' dir='ltr'><em>τάληθῆ,</em></span> <span class='ocrx_word' id='word_1_25' title='bbox 535 325 607 366; x_wconf 81' lang='grc' dir='ltr'><em>διὰ</em></span> <span class='ocrx_word' id='word_1_26' title='bbox 627 326 671 367; x_wconf 85' lang='grc' dir='ltr'><em>τί</em></span> <span class='ocrx_word' id='word_1_27' title='bbox 677 343 686 377; x_wconf 88' lang='grc'>;</span> <span class='ocrx_word' id='word_1_28' title='bbox 707 325 780 367; x_wconf 81' lang='grc' dir='ltr'><em>ἴνα</em></span> <span class='ocrx_word' id='word_1_29' title='bbox 799 326 856 380; x_wconf 86' lang='grc' dir='ltr'><em>μὴ</em></span> <span class='ocrx_word' id='word_1_30' title='bbox 876 328 1145 381; x_wconf 77' lang='grc' dir='ltr'><strong><em>πολεμῶμεν,</em></strong></span> <span class='ocrx_word' id='word_1_31' title='bbox 1170 333 1332 380; x_wconf 84' lang='grc' dir='ltr'><em>φαῖμεν</em></span> <span class='ocrx_word' id='word_1_32' title='bbox 1351 326 1417 369; x_wconf 75' lang='grc' dir='ltr'><em>ἄν.</em></span> <span class='ocrx_word' id='word_1_33' title='bbox 1449 326 1521 368; x_wconf 80' lang='grc' dir='ltr'><em>καὶ</em></span> 
     </span>
     <span class='ocr_line' id='line_1_6' title="bbox 175 394 1521 452; baseline 0.001 -14"><span class='ocrx_word' id='word_1_34' title='bbox 175 397 375 452; x_wconf 76' lang='grc' dir='ltr'><strong><em>Φιλίππῳ</em></strong></span> <span class='ocrx_word' id='word_1_35' title='bbox 401 397 505 438; x_wconf 83' lang='grc' dir='ltr'><em>νυνὶ</em></span> <span class='ocrx_word' id='word_1_36' title='bbox 531 397 639 438; x_wconf 81' lang='grc' dir='ltr'><em>κατὰ</em></span> <span class='ocrx_word' id='word_1_37' title='bbox 665 397 739 446; x_wconf 80' lang='grc' dir='ltr'><em>τὰς</em></span> <span class='ocrx_word' id='word_1_38' title='bbox 773 398 999 450; x_wconf 80' lang='grc' dir='ltr'><strong><em>συνθήκας</em></strong></span> <span class='ocrx_word' id='word_1_39' title='bbox 1015 394 1310 451; x_wconf 85' lang='grc' dir='ltr'><em>Ἀμφιπόλεως</em></span> <span class='ocrx_word' id='word_1_40' title='bbox 1335 411 1521 452; x_wconf 88' lang='grc' dir='ltr'><em>παρακε-</em></span> 
     </span>
     <span class='ocr_line' id='line_1_7' title="bbox 169 465 1555 523; baseline 0.001 -15"><span class='ocrx_word' id='word_1_41' title='bbox 169 468 442 521; x_wconf 84' lang='grc' dir='ltr'><em>χωρήκαμεν,</em></span> <span class='ocrx_word' id='word_1_42' title='bbox 479 467 551 508; x_wconf 81' lang='grc' dir='ltr'><em>καὶ</em></span> <span class='ocrx_word' id='word_1_43' title='bbox 584 468 865 522; x_wconf 82' lang='grc' dir='ltr'><em>Καρδιανοὺς</em></span> <span class='ocrx_word' id='word_1_44' title='bbox 903 465 1040 520; x_wconf 83' lang='grc' dir='ltr'><em>ε’ῶμεν</em></span> <span class='ocrx_word' id='word_1_45' title='bbox 1077 465 1156 518; x_wconf 80' lang='grc' dir='ltr'><em>ἔξω</em></span> <span class='ocrx_word' id='word_1_46' title='bbox 1183 471 1520 523; x_wconf 79' lang='grc' dir='ltr'><em>Χερρονησιτῶν</em></span> <span class='ocrx_word' id='word_1_47' title='bbox 1540 485 1555 511; x_wconf 83' lang='lat'><strong>5</strong></span> 
     </span>
     <span class='ocr_line' id='line_1_8' title="bbox 169 538 1522 593; baseline 0.001 -14"><span class='ocrx_word' id='word_1_48' title='bbox 169 544 258 579; x_wconf 83' lang='grc' dir='ltr'><em>τῶν</em></span> <span class='ocrx_word' id='word_1_49' title='bbox 283 538 429 580; x_wconf 76' lang='grc' dir='ltr'><em>ἄλλων</em></span> <span class='ocrx_word' id='word_1_50' title='bbox 448 538 670 593; x_wconf 75' lang='grc' dir='ltr'><em>τετάχθαι,</em></span> <span class='ocrx_word' id='word_1_51' title='bbox 695 539 766 580; x_wconf 84' lang='grc' dir='ltr'><em>καὶ</em></span> <span class='ocrx_word' id='word_1_52' title='bbox 786 539 864 580; x_wconf 88' lang='grc' dir='ltr'><em>τὸν</em></span> <span class='ocrx_word' id='word_1_53' title='bbox 885 541 1012 592; x_wconf 81' lang='grc' dir='ltr'><em>Κᾶρα</em></span> <span class='ocrx_word' id='word_1_54' title='bbox 1031 539 1106 588; x_wconf 84' lang='grc' dir='ltr'><em>τὰς</em></span> <span class='ocrx_word' id='word_1_55' title='bbox 1125 540 1287 593; x_wconf 80' lang='grc' dir='ltr'><em>νήσους</em></span> <span class='ocrx_word' id='word_1_56' title='bbox 1307 542 1522 592; x_wconf 50' lang='grc' dir='ltr'><em>καταλαμμ</em></span> 
     </span>
     <span class='ocr_line' id='line_1_9' title="bbox 168 607 1521 665; baseline 0.001 -15"><span class='ocrx_word' id='word_1_57' title='bbox 168 608 335 664; x_wconf 84' lang='grc' dir='ltr'><em>βάνειν,</em></span> <span class='ocrx_word' id='word_1_58' title='bbox 359 610 471 651; x_wconf 88' lang='grc' dir='ltr'><em>Χίον</em></span> <span class='ocrx_word' id='word_1_59' title='bbox 503 609 574 650; x_wconf 87' lang='grc' dir='ltr'><em>καὶ</em></span> <span class='ocrx_word' id='word_1_60' title='bbox 602 611 708 651; x_wconf 86' lang='grc' dir='ltr'><em>Κῶν</em></span> <span class='ocrx_word' id='word_1_61' title='bbox 739 609 810 651; x_wconf 82' lang='grc' dir='ltr'><em>καὶ</em></span> <span class='ocrx_word' id='word_1_62' title='bbox 836 607 998 665; x_wconf 80' lang='grc' dir='ltr'><em>Ῥόδον,</em></span> <span class='ocrx_word' id='word_1_63' title='bbox 1028 610 1099 652; x_wconf 84' lang='grc' dir='ltr'><em>καὶ</em></span> <span class='ocrx_word' id='word_1_64' title='bbox 1125 611 1391 662; x_wconf 80' lang='grc' dir='ltr'><em>Βυζαντίους</em></span> <span class='ocrx_word' id='word_1_65' title='bbox 1422 626 1521 652; x_wconf 88' lang='grc' dir='ltr'><em>κατ-</em></span> 
     </span>
     <span class='ocr_line' id='line_1_10' title="bbox 169 679 1521 737; baseline 0.001 -16"><span class='ocrx_word' id='word_1_66' title='bbox 169 679 293 734; x_wconf 81' lang='grc' dir='ltr'><em>άγειν</em></span> <span class='ocrx_word' id='word_1_67' title='bbox 318 681 370 722; x_wconf 81' lang='grc' dir='ltr'><em>τὰ</em></span> <span class='ocrx_word' id='word_1_68' title='bbox 395 683 538 735; x_wconf 89' lang='grc' dir='ltr'><em>πλοῖα,</em></span> <span class='ocrx_word' id='word_1_69' title='bbox 564 681 700 734; x_wconf 81' lang='grc' dir='ltr'><em>δῆλον</em></span> <span class='ocrx_word' id='word_1_70' title='bbox 727 681 793 722; x_wconf 85' lang='grc' dir='ltr'><em>ὅτι</em></span> <span class='ocrx_word' id='word_1_71' title='bbox 818 682 899 736; x_wconf 86' lang='grc' dir='ltr'><em>τὴν</em></span> <span class='ocrx_word' id='word_1_72' title='bbox 925 680 1009 723; x_wconf 85' lang='grc' dir='ltr'><em>ἀπὸ</em></span> <span class='ocrx_word' id='word_1_73' title='bbox 1035 687 1109 735; x_wconf 82' lang='grc' dir='ltr'><em>τῆς</em></span> <span class='ocrx_word' id='word_1_74' title='bbox 1136 683 1309 736; x_wconf 82' lang='grc' dir='ltr'><em>εἰρήνης</em></span> <span class='ocrx_word' id='word_1_75' title='bbox 1334 682 1521 737; x_wconf 80' lang='grc' dir='ltr'><em>ἡσυχίαν</em></span> 
     </span>
     <span class='ocr_line' id='line_1_11' title="bbox 169 747 1520 808; baseline 0.001 -16"><span class='ocrx_word' id='word_1_76' title='bbox 169 752 387 792; x_wconf 86' lang='grc' dir='ltr'><em>πλειόνων</em></span> <span class='ocrx_word' id='word_1_77' title='bbox 422 750 607 805; x_wconf 77' lang='grc' dir='ltr'><em>ἀγαθῶν</em></span> <span class='ocrx_word' id='word_1_78' title='bbox 641 752 786 793; x_wconf 85' lang='grc' dir='ltr'><em>αἰτίαν</em></span> <span class='ocrx_word' id='word_1_79' title='bbox 821 747 933 793; x_wconf 81' lang='grc' dir='ltr'><em>εἶναι</em></span> <span class='ocrx_word' id='word_1_80' title='bbox 968 753 1216 805; x_wconf 81' lang='grc' dir='ltr'><em>νομίζοντες</em></span> <span class='ocrx_word' id='word_1_81' title='bbox 1247 751 1273 806; x_wconf 74' lang='grc' dir='ltr'>ἢ</span> <span class='ocrx_word' id='word_1_82' title='bbox 1305 753 1354 794; x_wconf 89' lang='grc' dir='ltr'><em>τὸ</em></span> <span class='ocrx_word' id='word_1_83' title='bbox 1386 763 1520 808; x_wconf 92' lang='grc' dir='ltr'><em>προσ-</em></span> 
     </span>
     <span class='ocr_line' id='line_1_12' title="bbox 168 822 1572 878; baseline 0.003 -16"><span class='ocrx_word' id='word_1_84' title='bbox 168 822 346 876; x_wconf 82' lang='grc' dir='ltr'><em>κρούειν</em></span> <span class='ocrx_word' id='word_1_85' title='bbox 371 822 443 863; x_wconf 84' lang='grc' dir='ltr'><em>καὶ</em></span> <span class='ocrx_word' id='word_1_86' title='bbox 469 825 716 876; x_wconf 79' lang='grc' dir='ltr'><em>φιλονικεῖν</em></span> <span class='ocrx_word' id='word_1_87' title='bbox 741 823 840 878; x_wconf 81' lang='grc' dir='ltr'><em>περὶ</em></span> <span class='ocrx_word' id='word_1_88' title='bbox 866 823 1045 865; x_wconf 86' lang='grc' dir='ltr'><em>τούτων.</em></span> <span class='ocrx_word' id='word_1_89' title='bbox 1079 823 1243 866; x_wconf 83' lang='grc' dir='ltr'><em>οὐκοῦν</em></span> <span class='ocrx_word' id='word_1_90' title='bbox 1270 823 1426 878; x_wconf 76' lang='grc' dir='ltr'><em>εὔηθες</em></span> <span class='ocrx_word' id='word_1_91' title='bbox 1447 823 1517 865; x_wconf 83' lang='grc' dir='ltr'><em>καὶ</em></span> <span class='ocrx_word' id='word_1_92' title='bbox 1539 839 1572 866; x_wconf 90' lang='lat'><em>10</em></span> 
     </span>
     <span class='ocr_line' id='line_1_13' title="bbox 168 892 1518 950; baseline 0.002 -17"><span class='ocrx_word' id='word_1_93' title='bbox 168 893 325 948; x_wconf 75' lang='grc' dir='ltr'><em>κομιδῇ</em></span> <span class='ocrx_word' id='word_1_94' title='bbox 352 892 563 948; x_wconf 83' lang='grc' dir='ltr'><em>σχέτλιον,</em></span> <span class='ocrx_word' id='word_1_95' title='bbox 588 894 695 948; x_wconf 88' lang='grc' dir='ltr'><em>πρὸς</em></span> <span class='ocrx_word' id='word_1_96' title='bbox 722 893 928 943; x_wconf 77' lang='grc' dir='ltr'><em>ἑκάστους</em></span> <span class='ocrx_word' id='word_1_97' title='bbox 954 893 1064 936; x_wconf 82' lang='grc' dir='ltr'><em>καθ’</em></span> <span class='ocrx_word' id='word_1_98' title='bbox 1083 893 1144 936; x_wconf 80' lang='grc' dir='ltr'><em>ἕν’</em></span> <span class='ocrx_word' id='word_1_99' title='bbox 1171 893 1284 936; x_wconf 80' lang='grc' dir='ltr'><em>οὕτω</em></span> <span class='ocrx_word' id='word_1_100' title='bbox 1305 904 1518 950; x_wconf 88' lang='grc' dir='ltr'><em>προσενη-</em></span> 
     </span>
     <span class='ocr_line' id='line_1_14' title="bbox 168 963 1517 1020; baseline 0.002 -16"><span class='ocrx_word' id='word_1_101' title='bbox 168 963 405 1017; x_wconf 73' lang='grc' dir='ltr'><em>νεγμένους</em></span> <span class='ocrx_word' id='word_1_102' title='bbox 437 964 536 1019; x_wconf 85' lang='grc' dir='ltr'><em>περὶ</em></span> <span class='ocrx_word' id='word_1_103' title='bbox 567 971 655 1006; x_wconf 86' lang='grc' dir='ltr'><em>τῶν</em></span> <span class='ocrx_word' id='word_1_104' title='bbox 687 966 860 1006; x_wconf 86' lang='grc' dir='ltr'><em>οἰκείων</em></span> <span class='ocrx_word' id='word_1_105' title='bbox 897 965 968 1006; x_wconf 82' lang='grc' dir='ltr'><em>καὶ</em></span> <span class='ocrx_word' id='word_1_106' title='bbox 1001 964 1374 1020; x_wconf 76' lang='grc' dir='ltr'><em>ἀναγκαιοτάτων,</em></span> <span class='ocrx_word' id='word_1_107' title='bbox 1409 965 1517 1020; x_wconf 89' lang='grc' dir='ltr'><em>πρὸς</em></span> 
     </span>
     <span class='ocr_line' id='line_1_15' title="bbox 168 1033 1402 1090; baseline 0.002 -15"><span class='ocrx_word' id='word_1_108' title='bbox 168 1033 331 1084; x_wconf 88' lang='grc' dir='ltr'><em>πάντας</em></span> <span class='ocrx_word' id='word_1_109' title='bbox 357 1035 456 1088; x_wconf 85' lang='grc' dir='ltr'><em>περὶ</em></span> <span class='ocrx_word' id='word_1_110' title='bbox 481 1041 555 1089; x_wconf 86' lang='grc' dir='ltr'><em>τῆς</em></span> <span class='ocrx_word' id='word_1_111' title='bbox 582 1034 630 1078; x_wconf 79' lang='grc' dir='ltr'><em>ἐν</em></span> <span class='ocrx_word' id='word_1_112' title='bbox 655 1039 850 1090; x_wconf 76' lang='grc' dir='ltr'><em>Δελφοῖς</em></span> <span class='ocrx_word' id='word_1_113' title='bbox 877 1041 998 1085; x_wconf 82' lang='grc' dir='ltr'><em>σκιᾶς</em></span> <span class='ocrx_word' id='word_1_114' title='bbox 1023 1036 1126 1078; x_wconf 80' lang='grc' dir='ltr'><em>νυνὶ</em></span> <span class='ocrx_word' id='word_1_115' title='bbox 1152 1039 1402 1090; x_wconf 83' lang='grc' dir='ltr'><em>πολεμῆσαι.</em></span> 
     </span>
    </p>
   </div>
   <div class='ocr_carea' id='block_1_4' title="bbox 1665 0 1686 2531">
    <p class='ocr_par' dir='ltr' id='par_1_4' title="bbox 1665 0 1686 2531">
     <span class='ocr_line' id='line_1_16' title="bbox 1665 0 1686 2531; baseline 0 0"><span class='ocrx_word' id='word_1_116' title='bbox 1665 0 1686 2531; x_wconf 95' lang='lat' dir='ltr'><em> </em></span> 
     </span>
    </p>
   </div>
  </div>
 </body>
</html>
