1689 2531
730 589 812 632 VII

6 690 79 726 75
437 687 616 735 ΠΕΡΙ
653 686 897 735 ΑΛΟΝΝ
885 685 1107 734 HEOT

644 796 900 830 ’ΥΠΟΘΕΣΙΣ

165 881 290 932 Οὗτος
322 883 342 923 ὁ
375 884 487 936 λόγος
520 883 771 962 ἐπιγράφεται
803 880 872 933 μὲν
898 881 983 933 περὶ
1002 879 1255 932 Ἁλοννήσου,
1286 881 1380 932 τάχα
1405 876 1441 919 δ’

103 949 314 1003 ὀρθότερον
334 949 563 1001 ἐπιγράφειν
585 947 696 999 “πρὸς
716 948 787 999 τὴν
807 946 1011 996 ἐπιστολὴν
1030 946 1102 997 τὴν
1119 943 1348 985 Φιλίππουῖ
1378 944 1444 984 πέ-

101 1030 234 1066 πομφε
258 1014 331 1067 γὰρ
357 1014 454 1066 πρὸς
478 1013 569 1060 τοὺς
585 1010 825 1091 Ἀθηναίους
851 1011 1057 1062 ἐπιστολὴν
1082 1026 1167 1062 περι
1187 1014 1340 1050 πολλῶν
1361 1011 1446 1049 δια-

101 1079 317 1133 λεγόμενος,
350 1081 405 1118 ὡν
438 1078 479 1118 ε’ν
511 1077 588 1117 ε’στι
619 1077 683 1117 καὶ
714 1077 755 1116 τὸ
788 1076 884 1116 κατὰ
909 1076 980 1127 τὴν
1000 1074 1252 1127 Λλόννησον,
1285 1076 1370 1127 ἥτις
1395 1071 1446 1127 ἦν

67 1156 81 1182 5
103 1143 173 1196 μὲν
204 1151 282 1183 τῶν
305 1141 532 1195 Ἀθηναίων
564 1142 723 1195 ἀρχαῖον
755 1149 895 1193 κτῆμα,
927 1141 1022 1180 κατὰ
1055 1139 1095 1181 δὲ
1123 1141 1213 1188 τοὺς
1243 1141 1444 1180 Φιλίππου

101 1209 262 1262 καιροὺς
287 1209 364 1248 ὑπὸ
385 1212 536 1262 λῃστῶν
556 1209 758 1259 κατείχετο,
786 1206 854 1254 οὓς
875 1206 1047 1258 ἐκβαλὼν
1069 1205 1088 1245 ὅ
1113 1206 1308 1252 Φίλιππος
1328 1204 1444 1244 ἀπαι-

102 1280 212 1314 τοῦσι
237 1273 308 1326 μὲν
333 1278 413 1320 τοῖς
437 1269 664 1324 Ἀθηναίοις
690 1272 762 1322 τὴν
782 1278 904 1323 νῆσον
925 1272 998 1311 οὐκ
1017 1270 1258 1310 ἀποδίδωσιν
1285 1266 1444 1323 (ἑαυτοῦ

101 1338 174 1391 γὰρ
200 1335 304 1378 εἷναί
327 1334 483 1391 φησιν),
516 1337 666 1376 αἰτοῦσι
700 1333 735 1376 δ’
765 1337 1006 1388 ὑπισχνεῖται
1032 1336 1181 1375 δώσειν.
1218 1334 1237 1374 ὁ
1265 1334 1305 1374 δὲ
1331 1334 1444 1386 λόγος

103 1403 149 1443 οὐ
171 1404 283 1443 δοκεῖ
304 1418 369 1455 μοι
388 1401 675 1453 Δημοσθένους
694 1398 804 1440 εἶναι.
838 1404 953 1452 δηλοῖ
975 1397 1010 1440 δ’
1034 1398 1058 1451 ἡ
1087 1401 1229 1453 φράσις
1248 1399 1313 1439 καὶ
1332 1398 1355 1450 ἡ
1378 1405 1446 1450 τῆς

11 1503 12 1507 ,
49 1481 83 1506 10
103 1467 325 1515 συνθέσεως
345 1467 526 1519 ἁρμονία,
546 1467 646 1506 πολὺ
667 1467 733 1506 τὸν
748 1466 1050 1517 Δημοσθενικὸν
1070 1468 1291 1517 πεφευγυῖα
1306 1465 1445 1512 τύπον,

11 1524 12 1532 ¹
102 1532 285 1584 ἀνειμένη
318 1547 354 1572 τε
386 1532 451 1571 καὶ
477 1531 730 1582 διαλελυμένη
756 1531 860 1582 παρὰ
885 1531 957 1582 τὴν
984 1530 1090 1570 ἰδέαν
1116 1531 1255 1570 τούτου
1281 1536 1349 1569 τοῦ
1376 1529 1444 1581 ρ”ή-

102 1613 224 1651 τορος.
261 1597 327 1637 καὶ
359 1598 438 1649 μὴν
470 1596 535 1636 καὶ
566 1596 607 1635 τὸ
634 1596 695 1635 ἐπὶ
722 1595 816 1635 τέλει
841 1595 966 1647 ῥηθὲν
993 1596 1040 1636 οὐ
1067 1596 1205 1647 μικρὸν
1232 1596 1445 1647 μαρτύριον

101 1669 170 1702 τοῦ
196 1662 323 1702 νόθον
344 1659 444 1701 εἶναι
463 1662 530 1701 τὸν
550 1662 679 1714 λόγον,
705 1662 836 1713 ,,εἵπερ
857 1660 966 1712 ὑμεῖς
986 1662 1052 1701 τὸν
1072 1660 1284 1713 ἐγκέφαλον
1304 1659 1346 1698 ἐν
1365 1663 1446 1707 τοῖς

103 1728 315 1780 κροτάφοις
340 1727 401 1766 καὶ
424 1727 476 1778 μὴ
498 1726 539 1765 ἐν
560 1731 642 1773 ταῖς
665 1725 844 1777 πτέρναις
864 1725 1233 1776 καταπεπατημένον
1253 1722 1445 1777 φορεῖτείί.

51 1806 83 1831 15
105 1792 124 1831 ὁ
157 1791 226 1843 μὲν
258 1792 330 1845 γὰρ
356 1791 620 1843 Λημοσθένης
652 1792 793 1830 εἴωθεν
824 1792 1020 1845 παρρησίᾳ
1052 1794 1234 1843 χρῆσθαι,
1265 1795 1377 1827 τοῦτο
1405 1784 1441 1826 δ’

14 1850 15 1862 ³
104 1858 216 1909 ὕβρις
248 1857 326 1897 ἐστὶ
351 1856 416 1896 καὶ
442 1858 616 1908 λοιδορία
642 1855 780 1907 μέτρον
806 1855 877 1894 οὐκ
903 1855 1054 1907 ἔχουσα,
1087 1853 1252 1894 εὐτέλειά
1284 1851 1316 1892 τ’
1346 1853 1449 1907 αὐτῷ

104 1921 211 1972 δεινὴ
244 1921 425 1973 πρόσεστι
456 1920 552 1959 κατὰ
577 1920 648 1971 τὴν
674 1919 897 1972 ἑρμηνείαν·
930 1920 1027 1973 πρὸς
1053 1918 1093 1959 δὲ
1118 1920 1268 1965 τούτοις
1294 1918 1358 1957 καὶ
1384 1917 1443 1957 εὔ-

104 1990 202 2036 ηθες
227 1985 268 2025 τὸ
294 1987 466 2036 νομίζειν
492 1985 533 2024 ἐν
558 1989 638 2032 τοῖς
657 1985 868 2036 κροτάφοις
888 1984 985 2036 ἔχειν
1006 1985 1096 2032 τοὺς
1117 1984 1358 2034 ἀνθρώπους
1378 1983 1445 2022 τὸν

104 2049 329 2103 ἐγκέφαλον.
367 2050 627 2089 ὑπώπτευσαν
653 2048 693 2088 δὲ
720 2049 784 2088 καὶ
815 2050 855 2089 οἱ
884 2051 1134 2102 πρεσβύτεροι
1159 2048 1226 2087 τὸν
1252 2047 1366 2099 λόγον
1393 2046 1445 2095 ὡς
1472 2055 1491 2085 3

52 2129 85 2154 20
105 2115 152 2155 οὐ
183 2122 251 2154 τοῦ
284 2116 460 2167 ῥήτορος,
491 2115 556 2154 καὶ
587 2115 844 2166 πεφωράκασί
874 2114 916 2166 γε’
946 2129 1046 2161 τινες
1080 2109 1170 2152 ὄνθ’
1195 2111 1444 2165 (Ηγησίππου

104 2180 169 2219 καὶ
195 2178 272 2219 ἀπὸ
298 2187 366 2231 τῆς
393 2179 497 2227 ἰδέας
523 2186 599 2218 τῶν
619 2180 744 2231 λόγων
769 2175 947 2232 (τοιαύτῃ
967 2179 1039 2231 γὰρ
1059 2174 1254 2230 κέχρηται)
1282 2177 1347 2216 καὶ
1366 2176 1443 2216 ἀπὸ

38 2245 84 2280 76
106 2251 182 2283 τῶν
219 2245 470 2297 πραγμάτων’
504 2243 599 2283 κατὰ
626 2245 856 2283 Καλλίππου
881 2244 953 2297 γὰρ
979 2251 1048 2283 τοῦ
1077 2242 1296 2290 Παιανιέως
1322 2241 1445 2292 φησὶν
