1689 2531
61 1174 170 1198 XXHI

193 85 276 126 184
676 86 1050 120 ΔΗΜΟΣΘΕΝΟΎΣ
1449 89 1535 132 [xm

189 179 337 236 ἔγωγε,
369 181 409 223 εἴ
437 197 501 231 τις
528 181 674 223 αὐτῶν
700 181 856 236 ἀφέλοι
887 182 936 223 τὸ
962 183 1287 236 γιγνώσκεσθαι
1312 183 1384 224 καὶ
1408 184 1457 225 τὸ
1483 190 1535 240 τῇ

190 259 316 308 φωνῇ
344 252 487 306 λέγειν
500 250 736 307 Ἀττικιστί,
754 254 944 302 πολλοὺς
965 252 1019 294 ἂν
1039 248 1158 306 οἶμαι
1177 255 1279 303 τοὺς
1294 254 1379 306 μὲν
1390 251 1534 309 Ἀρκά-

190 323 280 377 δας,
304 324 406 372 τοὺς
434 323 481 364 δὲ
504 323 715 373 Λάκωνας
742 323 888 365 αὐτῶν
920 319 1032 365 εἶναι
1057 325 1246 376 νομίσαι.
1273 323 1356 379 ε’γὼ
1383 322 1420 366 δ’
1447 324 1533 379 ὁρῶ

187 394 266 446 μὲν
299 394 355 443 ὡς
380 395 570 448 χαλεπὸν
595 395 647 435 τὰ
672 394 875 447 βέλτιστα
902 393 1046 448 λέγειν
1072 393 1209 436 ἐστίν·
1242 394 1534 450 συνεξηπατη-

187 464 332 514 μένων
350 465 433 518 γὰρ
457 465 590 519 ὑμῶν,
609 465 681 506 καὶ
700 472 788 506 τῶν
808 465 888 517 μὲν
908 467 1045 519 ταυτί,
1063 472 1152 507 τῶν
1173 466 1221 507 δὲ
1239 466 1363 507 ταυτὶ
1377 462 1569 519 βουλο-ῗε

187 535 343 590 μένων,
376 535 430 577 ἂν
460 536 513 577 τά
544 535 702 588 μεταξύ
734 552 798 585 τις
825 534 996 591 ἐγχειρῇ
1022 535 1166 590 λέγειν
1197 531 1298 593 κᾷθ’
1331 536 1452 589 ὑμεῖς
1478 537 1535 592 μὴ

188 606 444 661 περιμένητε
470 611 645 661 μαθεῖν,
676 614 888 661 χαριεῖται
914 607 994 659 μὲν
1021 606 1280 662 οὐδετέροις,
1306 608 1536 661 διαβεβλή-

142 690 160 719 3
190 687 308 718 σεται
329 677 377 718 δὲ
396 678 504 732 πρὸς
525 677 815 732 ἀμφοτέρους·
837 677 889 720 οὐ
910 679 996 733 μὴν
1010 677 1104 720 ἀλλ’
1123 679 1355 732 αἱρήσομαι
1369 682 1536 731 μᾶλλον

189 747 331 802 αὐτός,
362 747 417 790 ἂν
448 749 532 803 άρα
563 754 692 790 τοῦτο
724 748 868 803 πάθω,
899 749 1047 791 δοκεῖν
1079 752 1295 803 φλυαρεῖν
1326 748 1352 803 ’ἢ
1378 747 1477 804 παρ’
1510 750 1536 791 ἃ

187 818 389 872 βέλτιστα
414 821 573 872 νομίζω
594 826 675 875 τῇ
665 820 802 874 πόλει,
827 819 1043 873 προέσθαι
1063 820 1180 861 τισὶν
1199 820 1309 872 ὑμᾶς
1330 818 1536 874 ἐξαπατῆ-
1555 837 1588 862 10

189 900 272 931 σαι.
310 890 362 931 τὰ
393 891 473 942 μὲν
506 887 587 932 οὖν
619 890 710 932 ἀλλ’
742 890 941 945 ὕστερον,
973 890 1027 932 ἂν
1053 891 1157 943 ὑμῖν
1188 890 1473 944 βουλομένοις
1498 885 1537 950 ᾐ,

189 960 332 1011 δείξω·
360 960 443 1003 ἀπὸ
466 961 514 1003 δὲ
533 968 622 1003 τῶν
642 961 1008 1016 ὁμολογουμένων
1027 959 1102 1016 ὑφ’
1130 960 1335 1003 ἁπάντων
1355 960 1537 1016 ἄρξομαι

189 1032 214 1073 ἃ
245 1032 453 1086 κράτιστα
478 1034 637 1084 νομίζω
666 1032 902 1074 διδάσκειν.

142 1115 163 1144 4
250 1103 427 1144 Οὔκουν
453 1101 546 1145 οὐδ’
574 1103 628 1145 ἂν
649 1097 708 1153 εἷς
730 1103 938 1158 ἀντείποι,
959 1104 1014 1153 ὡς
1035 1103 1087 1145 οὐ
1110 1102 1322 1158 συμφέρει
1344 1110 1393 1158 τῇ
1413 1104 1536 1146 πόλει

93 1210 142 1235 102
191 1174 261 1215 καὶ
286 1175 673 1226 Λακεδαιμονίους
707 1175 910 1224 ἀσθενεῖς
943 1170 1056 1217 εἶναι
1087 1175 1159 1216 καὶ
1189 1176 1407 1228 Θηβαίους
1439 1190 1537 1216 του-
1557 1178 1633 1212 203

188 1246 325 1286 τουσί.
365 1243 455 1286 ἔστι
480 1247 635 1287 τοίνυν
663 1244 709 1287 ἔν
735 1261 822 1287 τινι
848 1246 1032 1302 τοιούτω
1060 1251 1195 1303 καιρῷ
1226 1246 1278 1287 τὰ
1309 1245 1538 1300 πράγματα
1559 1262 1591 1287 16

188 1322 286 1370 νῦν,
313 1316 353 1357 εἴ
376 1332 417 1358 τι
445 1317 512 1358 δεῖ
537 1324 626 1366 τοῖς
654 1316 896 1371 εἰρημένοις
916 1317 1122 1366 πολλάκις
1143 1313 1241 1370 παρ’
1268 1316 1373 1369 ὑμῖν
1393 1317 1538 1370 λόγοις

189 1389 501 1442 τεκμήρασθαι,
514 1388 624 1429 ὥστε
642 1389 860 1442 Θηβαίους
874 1388 954 1440 μὲν
968 1385 1233 1442 Ὀρχομενοῦ
1248 1387 1320 1428 καὶ
1338 1390 1539 1429 Θεσπιῶν

190 1458 262 1500 καὶ
282 1461 519 1500 Πλαταιῶν
546 1460 829 1500 οἰκισθεισῶν
850 1458 1052 1508 ἀσθενεῖς
1073 1457 1184 1512 <ἂν>
1203 1457 1426 1511 γενέσθαι,
1451 1461 1540 1499 Λα-

191 1530 494 1581 κεδαιμονίους
531 1527 586 1584 δ’,
612 1531 648 1571 εἰ
681 1533 939 1583 ποιήσονται
970 1530 1050 1584 τὴν
1072 1527 1302 1583 Ἀρκαδίαν
1333 1526 1409 1583 ὑφ’
1442 1527 1539 1570 έαυ-
1559 1547 1592 1572 20

190 1607 280 1649 τοῖς
311 1601 383 1642 καὶ
409 1601 625 1655 ΛΙεγάλην
655 1602 786 1642 πόλιν
813 1600 1142 1655 ἀναιρήσουσιν,
1174 1600 1306 1641 πάλιν
1334 1600 1540 1654 ἰσχυροὺς

144 1683 163 1712 5
191 1674 469 1725 γενήσεσθαι.
498 1672 707 1714 σκεπτέον
732 1673 887 1713 τοίνυν
912 1672 969 1726 μὴ
995 1674 1210 1725 πρότερον
1236 1671 1394 1712 τούσδε
1420 1670 1540 1724 γενέ-

191 1746 298 1784 σθαι
331 1745 550 1796 φοβεροὺς
582 1744 654 1784 καὶ
685 1743 900 1797 μεγάλους
935 1741 1128 1795 ἐάσωμεν
1160 1741 1185 1795 ἢ
1207 1739 1362 1783 ’κεῖνοι
1393 1741 1540 1795 μικροὶ

189 1816 514 1868 γεγενήσονται,
539 1814 611 1855 καὶ
637 1817 838 1855 λάθωσιν
864 1815 972 1868 ἡμᾶς
997 1815 1167 1855 πλειόνι
1193 1815 1362 1865 μείζους
1389 1813 1430 1854 οἱ
1450 1815 1539 1854 Λα-

189 1885 460 1937 κεδαιμόνιοι
492 1886 722 1939 γενόμενοι
753 1884 778 1938 ἡ
816 1885 903 1942 ὅσω
938 1886 1040 1933 τοὺς
1080 1885 1298 1937 Θηβαίους
1334 1881 1537 1932 ἐλάττους
1558 1900 1591 1925 ‘25

191 1955 405 2009 συμφέρει
442 1956 664 2010 γενέσθαι.
704 1956 756 1997 οὐ
789 1956 871 2009 γὰρ
906 1954 1045 1997 ἐκεῖνό
1083 1952 1121 2009 γ’
1155 1954 1210 1996 ἂν
1242 1954 1451 2008 εἴποιμεν,
1484 1954 1539 2003 ὡς

191 2025 546 2077 ἀνταλλάξασθαι
587 2024 826 2080 βουλόμεθ’
864 2026 1127 2075 ἀντιπάλους
1166 2026 1540 2077 Λακεδαιμονίους

191 2096 288 2139 ἀντὶ
314 2099 531 2153 Θηβαίων,
558 2098 662 2140 οὐδὲ
682 2095 798 2140 τοῦτ’
819 2095 913 2139 ἔσθ’
935 2097 957 2139 ὃ
979 2096 1292 2150 σπουδάζομεν,
1315 2094 1404 2138 ἀλλ’
1426 2096 1539 2144 ὅπως

190 2168 418 2223 μηδέτεροι
445 2170 712 2222 δυνήσονται
738 2169 875 2222 μηδὲν
901 2169 1009 2222 ἡμᾶς
1030 2167 1215 2210 ἀδικεῖν·
1242 2167 1355 2209 οὕτω
1375 2167 1458 2221 γὰρ
1486 2165 1540 2208 ἂν

191 2239 310 2292 ἡμεῖς
336 2240 442 2292 μετὰ
467 2241 671 2294 πλείστης
697 2239 844 2288 ἀδείας
870 2239 1029 2292 εἴημεν.
1559 2256 1592 2280 30
