1689 2531
835 660 896 701 IV

521 750 710 798 ΚΑΤΑ
748 750 1118 799 ΦΙΛΙΠΠΟΤ
1155 750 1200 798 A
1556 754 1605 790 39

734 860 990 893 ΤΠΟΘΕΣΙΣ
1171 819 1176 830 ι

250 945 390 989 Κακῶς
416 941 458 981 ἐν
483 945 533 995 τῷ
555 940 708 996 πολέμῳ
733 945 783 995 τῷ
800 941 896 992 πρὸς
920 942 1118 980 Φίλιππον
1138 942 1179 980 οἵ
1192 937 1398 992 Ἀθηναῖοι
1419 941 1535 993 φερό-

189 1023 298 1059 μενοι
318 1006 633 1058 συνεληλύθασιν
653 1006 708 1053 εἰς
722 1005 930 1056 ἐκκλησίαν
943 1005 1204 1057 ἀθυμοῦντες.
1227 1004 1245 1045 ὁ
1260 1007 1394 1045 τοίνυν
1408 1007 1534 1059 ῥήτωρ

188 1073 261 1123 τήν
293 1069 325 1110 τ’
355 1071 534 1122 ἀθυμίαν
566 1078 743 1124 πειρᾶται
775 1071 928 1121 παύειν,
961 1070 1081 1123 λέγων
1108 1069 1225 1110 οὐδὲν
1250 1067 1350 1110 εἶναι
1375 1075 1534 1122 θαυμα-

189 1137 279 1177 στὸν
300 1137 334 1176 εἰ
353 1137 626 1190 ῥᾳθυμοῦντες
646 1136 912 1187 κεκράτηνται,
932 1136 997 1175 καὶ
1016 1137 1223 1188 εἰσηγεῖται
1239 1143 1322 1184 πῶς
1336 1135 1385 1176 ἂν
1399 1135 1535 1189 ἄριστα

188 1207 239 1258 τῷ
257 1201 411 1257 πολέμῳ
432 1205 738 1254 προσενεχθεῖεν.
765 1202 910 1240 κελεύει
931 1200 971 1240 δὲ
992 1202 1063 1240 δύο
1086 1202 1271 1253 δυνάμεις
1289 1203 1535 1253 παρασκευά-
1554 1217 1569 1242 5

188 1272 348 1317 σασθαι,
382 1268 474 1318 μίαν
502 1266 570 1317 μὲν
597 1267 723 1317 μείζω,
755 1267 973 1317 πολιτικήν,
1005 1266 1088 1317 ἥτις
1115 1267 1215 1305 οἴκοι
1242 1266 1413 1318 μένουσα
1437 1267 1534 1319 πρὸς

187 1332 254 1380 τὰς
280 1339 356 1371 τῶν
381 1331 595 1383 ἐπικαίρων
615 1332 741 1383 χρείας
761 1329 913 1382 ἕτοιμος
936 1330 1110 1383 ὑπάρξει,
1131 1330 1263 1384 ἑτέραν
1284 1327 1321 1370 δ’
1338 1330 1533 1383 ἐλάττονα,

188 1397 309 1445 ξένων
325 1396 449 1436 ὄντων
463 1404 540 1436 τῶν
556 1396 882 1448 στρατευομένων,
902 1395 1255 1448 παραμεμιγμένων
1271 1394 1311 1435 δὲ
1325 1395 1533 1445 <πολιτῶν.

187 1464 332 1514 ταύτην
360 1460 429 1513 δὲ>
455 1463 599 1501 κελεύει
624 1461 695 1512 τὴν
721 1462 892 1512 δύναμιν
920 1462 971 1512 μὴ
995 1458 1188 1512 Ἀθήνησι
1215 1460 1343 1511 μένειν
1369 1458 1462 1513 μηδ’
1493 1460 1534 1500 ἐκ

186 1535 254 1579 τῆς
274 1528 422 1574 πόλεως
441 1531 643 1566 ποιεῖσθαι
662 1526 729 1573 τὰς
749 1527 953 1578 βοηθείας,
973 1525 1068 1564 ἀλλὰ
1088 1525 1175 1578 περὶ
1188 1525 1259 1576 τὴν
1274 1528 1534 1566 Μακεδονίαν
1554 1542 1587 1567 ιο

187 1591 501 1645 ἀντιστρέφεσθαι
527 1595 773 1643 πολεμοῦσαν
799 1590 1066 1642 ἀδιαλείπτως,
1093 1592 1158 1630 ἵνα
1184 1591 1236 1642 μὴ
1264 1591 1355 1638 τοὺς
1381 1590 1534 1641 ἐτησίας

186 1657 377 1704 πνέοντας
409 1656 643 1708 ἐπιτηρήσας
676 1656 695 1697 ὁ
733 1657 927 1704 Φίλιππος
958 1655 983 1708 ἢ
1015 1655 1080 1695 καὶ
1113 1656 1180 1695 τὸν
1211 1663 1393 1707 χειμῶνα,
1425 1653 1529 1706 ἡνίκ’

182 1720 415 1774 Ἀθήνηθεν
447 1723 501 1769 εἰς
527 1723 788 1761 Μακεδονίαν
819 1725 929 1761 πλεῖν
961 1721 1008 1760 οὐ
1041 1720 1225 1771 δυνατόν,
1257 1720 1427 1775 ἐπιχειρῇ
1453 1725 1534 1768 τοῖς

185 1788 408 1840 πράγμασιν
434 1786 498 1825 καὶ
525 1785 630 1838 παρὰ
655 1786 726 1837 τὴν
753 1785 948 1825 ἀπουσίαν
974 1786 1046 1837 τὴν
1071 1792 1148 1825 τῶν
1165 1782 1390 1836 Ἀθηναίων
1411 1784 1531 1824 ἁπάν-

185 1869 262 1892 των
293 1859 435 1907 κρατῇ,
467 1850 553 1890 &mx
580 1851 693 1904 ἐγγὺς
725 1849 748 1901 ἡ
781 1851 877 1903 πρὸς
909 1851 1029 1891 αὐτὸν
1060 1850 1337 1901 ἀντιταξομένη
1365 1851 1532 1902 δύναμις
1553 1865 1585 1891 15

185 1918 350 1973 ὑπάρχῃ-

58 2033 181 2058 Is-V12
243 2023 298 2063 Εἰ
330 2021 410 2074 μὲν
441 2021 539 2075 περὶ
571 2027 726 2062 καινοῦ
771 2036 888 2070 τινος
926 2020 1175 2074 πράγματος
1206 2016 1459 2073 προύτίθετ’
1498 2016 1530 2060 ὦ
1551 2021 1603 2058 40
1662 2049 1663 2074 3

39 2093 173 2153 Protiem.
189 2093 344 2147 ἄνδρες
361 2089 586 2145 Ἀθηναῖοι
607 2090 762 2146 λέγειν,
789 2090 977 2146 ἐπισχὼν
998 2090 1052 2132 ἒὶν
1071 2089 1150 2140 ἕως
1171 2091 1210 2132 οἱ
1231 2093 1426 2132 πλεῖστοι
1445 2097 1533 2132 τῶν
1659 2087 1661 2090 ’

184 2164 409 2205 εἰωθότων
434 2162 613 2216 γνώμην
641 2161 935 2216 ἀπεφήναντο,
962 2162 998 2203 εἰ
1018 2161 1098 2213 μὲν
1118 2160 1274 2215 ἤρεσκέ
1290 2161 1334 2202 τί
1352 2176 1424 2213 μοι
1444 2167 1532 2202 τῶν

183 2234 268 2275 ὑπὸ
289 2233 458 2275 τούτων
473 2232 714 2287 ῥηθέντων,
740 2233 926 2287 ἡσυχίαν
942 2231 995 2274 ἂν
1009 2229 1131 2286 ἦγον,
1157 2233 1193 2273 εἰ
1209 2231 1257 2272 δὲ
1270 2232 1341 2285 μή,
1365 2228 1450 2273 τότ’
1477 2230 1532 2272 ἂν
1551 2247 1585 2274 20

184 2304 314 2354 αὐτὸς
342 2302 585 2359 ἐπειρώμην
611 2303 637 2345 ἃ
662 2303 890 2358 γιγνώσκω
919 2302 1079 2357 λέγειν·
1107 2300 1254 2356 ἐπειδὴ
1275 2299 1313 2343 δ’
1338 2301 1448 2356 ὑπὲρ
1469 2298 1532 2344 ὧν
