<?xml version="1.0" encoding="UTF-8"?>
<!DOCTYPE html PUBLIC "-//W3C//DTD XHTML 1.0 Transitional//EN"
    "http://www.w3.org/TR/xhtml1/DTD/xhtml1-transitional.dtd">
<html xmlns="http://www.w3.org/1999/xhtml" xml:lang="en" lang="en">
 <head>
  <title>
</title>
<meta http-equiv="Content-Type" content="text/html;charset=utf-8" />
  <meta name='ocr-system' content='tesseract 3.04.00' />
  <meta name='ocr-capabilities' content='ocr_page ocr_carea ocr_par ocr_line ocrx_word'/>
</head>
<body>
  <div class='ocr_page' id='page_1' title='image "./demosthenisorati0101demouoft_0171.png"; bbox 0 0 1689 2531; ppageno 0'>
   <div class='ocr_carea' id='block_1_1' title="bbox 19 531 94 567">
    <p class='ocr_par' dir='ltr' id='par_1_1' title="bbox 19 531 94 567">
     <span class='ocr_line' id='line_1_1' title="bbox 19 531 94 567; baseline 0 0"><span class='ocrx_word' id='word_1_1' title='bbox 19 531 94 567; x_wconf 77' lang='lat'><em>182</em></span> 
     </span>
    </p>
   </div>
   <div class='ocr_carea' id='block_1_2' title="bbox 61 829 95 854">
    <p class='ocr_par' dir='ltr' id='par_1_2' title="bbox 61 829 95 854">
     <span class='ocr_line' id='line_1_2' title="bbox 61 829 95 854; baseline 0 0"><span class='ocrx_word' id='word_1_2' title='bbox 61 829 95 854; x_wconf 89' lang='grc'><em>10</em></span> 
     </span>
    </p>
   </div>
   <div class='ocr_carea' id='block_1_3' title="bbox 62 1184 94 1209">
    <p class='ocr_par' dir='ltr' id='par_1_3' title="bbox 62 1184 94 1209">
     <span class='ocr_line' id='line_1_3' title="bbox 62 1184 94 1209; baseline 0.031 -1"><span class='ocrx_word' id='word_1_3' title='bbox 62 1184 94 1209; x_wconf 87' lang='grc'><em>15</em></span> 
     </span>
    </p>
   </div>
   <div class='ocr_carea' id='block_1_4' title="bbox 62 1537 95 1562">
    <p class='ocr_par' dir='ltr' id='par_1_4' title="bbox 62 1537 95 1562">
     <span class='ocr_line' id='line_1_4' title="bbox 62 1537 95 1562; baseline 0 0"><span class='ocrx_word' id='word_1_4' title='bbox 62 1537 95 1562; x_wconf 79' lang='grc'><em>20</em></span> 
     </span>
    </p>
   </div>
   <div class='ocr_carea' id='block_1_5' title="bbox 64 1891 96 1917">
    <p class='ocr_par' dir='ltr' id='par_1_5' title="bbox 64 1891 96 1917">
     <span class='ocr_line' id='line_1_5' title="bbox 64 1891 96 1917; baseline 0.031 -1"><span class='ocrx_word' id='word_1_5' title='bbox 64 1891 96 1917; x_wconf 85' lang='grc'><em>25</em></span> 
     </span>
    </p>
   </div>
   <div class='ocr_carea' id='block_1_6' title="bbox 118 78 1457 123">
    <p class='ocr_par' dir='ltr' id='par_1_6' title="bbox 118 78 1457 123">
     <span class='ocr_line' id='line_1_6' title="bbox 118 78 1457 123; baseline 0.009 -17"><span class='ocrx_word' id='word_1_6' title='bbox 118 79 203 123; x_wconf 77' lang='lat' dir='ltr'><strong>xrv]</strong></span> <span class='ocrx_word' id='word_1_7' title='bbox 510 79 624 110; x_wconf 82' lang='grc' dir='ltr'>ΠΕΡΙ</span> <span class='ocrx_word' id='word_1_8' title='bbox 649 78 746 110; x_wconf 71' lang='grc' dir='ltr'><em>ΤΩΝ</em></span> <span class='ocrx_word' id='word_1_9' title='bbox 773 78 1063 110; x_wconf 72' lang='grc' dir='ltr'>ΣΤΜΜΟΡΙΩΝ</span> <span class='ocrx_word' id='word_1_10' title='bbox 1376 78 1457 119; x_wconf 76' lang='lat'><em>165</em></span> 
     </span>
    </p>
   </div>
   <div class='ocr_carea' id='block_1_7' title="bbox 169 170 1530 228">
    <p class='ocr_par' dir='ltr' id='par_1_7' title="bbox 169 170 1530 228">
     <span class='ocr_line' id='line_1_7' title="bbox 169 170 1530 228; baseline 0 -13"><span class='ocrx_word' id='word_1_11' title='bbox 169 171 280 228; x_wconf 79' lang='grc' dir='ltr'><em>Ἐγὼ</em></span> <span class='ocrx_word' id='word_1_12' title='bbox 311 175 466 215; x_wconf 83' lang='grc' dir='ltr'><strong><em>τοίνυν</em></strong></span> <span class='ocrx_word' id='word_1_13' title='bbox 497 171 530 214; x_wconf 81' lang='grc' dir='ltr'><em>ὦ</em></span> <span class='ocrx_word' id='word_1_14' title='bbox 563 173 718 227; x_wconf 76' lang='grc' dir='ltr'><em>ἄνδρες</em></span> <span class='ocrx_word' id='word_1_15' title='bbox 740 170 964 227; x_wconf 86' lang='grc' dir='ltr'><em>Ἀθηναῖοι</em></span> <span class='ocrx_word' id='word_1_16' title='bbox 996 173 1132 215; x_wconf 83' lang='grc' dir='ltr'><em>ταῦτά</em></span> <span class='ocrx_word' id='word_1_17' title='bbox 1156 189 1201 216; x_wconf 87' lang='grc' dir='ltr'><em>τε</em></span> <span class='ocrx_word' id='word_1_18' title='bbox 1226 173 1298 215; x_wconf 80' lang='grc' dir='ltr'><em>καὶ</em></span> <span class='ocrx_word' id='word_1_19' title='bbox 1322 188 1459 227; x_wconf 89' lang='grc' dir='ltr'><em>παρα-</em></span> <span class='ocrx_word' id='word_1_20' title='bbox 1486 185 1530 216; x_wconf 80' lang='lat'><em>14</em></span> 
     </span>
    </p>
   </div>
   <div class='ocr_carea' id='block_1_8' title="bbox 114 242 1462 2140">
    <p class='ocr_par' dir='ltr' id='par_1_8' title="bbox 114 242 1462 2140">
     <span class='ocr_line' id='line_1_8' title="bbox 115 242 1459 299; baseline 0.001 -14"><span class='ocrx_word' id='word_1_21' title='bbox 115 246 277 298; x_wconf 88' lang='grc' dir='ltr'><em>πλήσια</em></span> <span class='ocrx_word' id='word_1_22' title='bbox 300 245 472 293; x_wconf 82' lang='grc' dir='ltr'><strong><em>τούτοις</em></strong></span> <span class='ocrx_word' id='word_1_23' title='bbox 492 245 766 298; x_wconf 73' lang='grc' dir='ltr'><em>λογιζόμενος</em></span> <span class='ocrx_word' id='word_1_24' title='bbox 787 245 920 298; x_wconf 89' lang='grc' dir='ltr'><em>λόγον</em></span> <span class='ocrx_word' id='word_1_25' title='bbox 939 244 1019 297; x_wconf 82' lang='grc' dir='ltr'><em>μὲν</em></span> <span class='ocrx_word' id='word_1_26' title='bbox 1045 242 1188 286; x_wconf 84' lang='grc' dir='ltr'><em>οὐδέν’</em></span> <span class='ocrx_word' id='word_1_27' title='bbox 1215 243 1459 299; x_wconf 79' lang='grc' dir='ltr'><strong><em>ἐβουλόμην</em></strong></span> 
     </span>
     <span class='ocr_line' id='line_1_9' title="bbox 115 312 1459 370; baseline 0 -14"><span class='ocrx_word' id='word_1_28' title='bbox 115 317 293 370; x_wconf 87' lang='grc' dir='ltr'><em>θρασὺν</em></span> <span class='ocrx_word' id='word_1_29' title='bbox 325 312 418 357; x_wconf 84' lang='grc' dir='ltr'><em>οὐδ’</em></span> <span class='ocrx_word' id='word_1_30' title='bbox 455 312 611 370; x_wconf 78' lang='grc' dir='ltr'><em>ἔχοντα</em></span> <span class='ocrx_word' id='word_1_31' title='bbox 636 315 820 367; x_wconf 83' lang='grc' dir='ltr'><em>μάταιον</em></span> <span class='ocrx_word' id='word_1_32' title='bbox 845 321 977 369; x_wconf 86' lang='grc' dir='ltr'><em>μῆκος</em></span> <span class='ocrx_word' id='word_1_33' title='bbox 1004 315 1170 369; x_wconf 78' lang='grc' dir='ltr'><em>εὑρεῖν·</em></span> <span class='ocrx_word' id='word_1_34' title='bbox 1206 315 1287 370; x_wconf 81' lang='grc' dir='ltr'><em>τὴν</em></span> <span class='ocrx_word' id='word_1_35' title='bbox 1311 315 1459 368; x_wconf 84' lang='grc' dir='ltr'><em>μέντοι</em></span> 
     </span>
     <span class='ocr_line' id='line_1_10' title="bbox 115 386 1459 441; baseline -0.001 -13"><span class='ocrx_word' id='word_1_36' title='bbox 115 388 413 441; x_wconf 87' lang='grc' dir='ltr'><em>παρασκευήν,</em></span> <span class='ocrx_word' id='word_1_37' title='bbox 456 386 570 435; x_wconf 84' lang='grc' dir='ltr'><em>ὅπως</em></span> <span class='ocrx_word' id='word_1_38' title='bbox 609 386 665 435; x_wconf 87' lang='grc' dir='ltr'><em>ὡς</em></span> <span class='ocrx_word' id='word_1_39' title='bbox 704 386 858 440; x_wconf 77' lang='grc' dir='ltr'><em>ἄριστα</em></span> <span class='ocrx_word' id='word_1_40' title='bbox 895 387 966 427; x_wconf 82' lang='grc' dir='ltr'><em>καὶ</em></span> <span class='ocrx_word' id='word_1_41' title='bbox 1005 386 1183 440; x_wconf 83' lang='grc' dir='ltr'><em>τάχιστα</em></span> <span class='ocrx_word' id='word_1_42' title='bbox 1219 387 1459 440; x_wconf 88' lang='grc' dir='ltr'><em>γενήσεται,</em></span> 
     </span>
     <span class='ocr_line' id='line_1_11' title="bbox 115 454 1458 511; baseline 0 -13"><span class='ocrx_word' id='word_1_43' title='bbox 115 456 232 498; x_wconf 86' lang='grc' dir='ltr'><em>πάνυ</em></span> <span class='ocrx_word' id='word_1_44' title='bbox 269 457 409 498; x_wconf 83' lang='grc' dir='ltr'><em>πολλὰ</em></span> <span class='ocrx_word' id='word_1_45' title='bbox 446 454 656 511; x_wconf 80' lang='grc' dir='ltr'><em>πράγματ’</em></span> <span class='ocrx_word' id='word_1_46' title='bbox 694 454 825 511; x_wconf 81' lang='grc' dir='ltr'><em>ἔσχον</em></span> <span class='ocrx_word' id='word_1_47' title='bbox 863 464 1048 498; x_wconf 85' lang='grc' dir='ltr'><em>σκοπῶν.</em></span> <span class='ocrx_word' id='word_1_48' title='bbox 1099 457 1243 508; x_wconf 82' lang='grc' dir='ltr'><em>οἴομαι</em></span> <span class='ocrx_word' id='word_1_49' title='bbox 1278 457 1331 511; x_wconf 88' lang='grc' dir='ltr'><em>δὴ</em></span> <span class='ocrx_word' id='word_1_50' title='bbox 1365 457 1458 498; x_wconf 90' lang='grc' dir='ltr'><em>δεῖν</em></span> 
     </span>
     <span class='ocr_line' id='line_1_12' title="bbox 117 527 1460 584; baseline 0.001 -16"><span class='ocrx_word' id='word_1_51' title='bbox 117 527 386 576; x_wconf 84' lang='grc' dir='ltr'><em>ἀκούσαντας</em></span> <span class='ocrx_word' id='word_1_52' title='bbox 418 527 528 580; x_wconf 83' lang='grc' dir='ltr'><em>ὑμᾶς</em></span> <span class='ocrx_word' id='word_1_53' title='bbox 560 527 710 582; x_wconf 87' lang='grc' dir='ltr'><em>αὐτήν,</em></span> <span class='ocrx_word' id='word_1_54' title='bbox 741 527 796 569; x_wconf 78' lang='grc' dir='ltr'><em>ἂν</em></span> <span class='ocrx_word' id='word_1_55' title='bbox 827 528 932 580; x_wconf 81' lang='grc' dir='ltr'><em>ὑμῖν</em></span> <span class='ocrx_word' id='word_1_56' title='bbox 964 527 1148 584; x_wconf 77' lang='grc' dir='ltr'><em>ἀρέΙσκῃ,</em></span> <span class='ocrx_word' id='word_1_57' title='bbox 1178 529 1460 581; x_wconf 79' lang='grc' dir='ltr'><em>ψηφίζεσθαι,</em></span> 
     </span>
     <span class='ocr_line' id='line_1_13' title="bbox 114 595 1460 653; baseline 0 -14"><span class='ocrx_word' id='word_1_58' title='bbox 114 596 206 640; x_wconf 78' lang='grc' dir='ltr'><em>ἔστι</em></span> <span class='ocrx_word' id='word_1_59' title='bbox 230 599 384 640; x_wconf 86' lang='grc' dir='ltr'><em>τοίνυν</em></span> <span class='ocrx_word' id='word_1_60' title='bbox 409 605 584 652; x_wconf 84' lang='grc' dir='ltr'><em>πρῶτον</em></span> <span class='ocrx_word' id='word_1_61' title='bbox 609 598 688 650; x_wconf 76' lang='grc' dir='ltr'><em>μὲν</em></span> <span class='ocrx_word' id='word_1_62' title='bbox 715 605 789 652; x_wconf 78' lang='grc' dir='ltr'><em>τῆς</em></span> <span class='ocrx_word' id='word_1_63' title='bbox 808 605 1081 653; x_wconf 76' lang='grc' dir='ltr'><em>παρασκευῆς</em></span> <span class='ocrx_word' id='word_1_64' title='bbox 1110 595 1141 640; x_wconf 81' lang='grc' dir='ltr'>ὦ</span> <span class='ocrx_word' id='word_1_65' title='bbox 1163 599 1318 652; x_wconf 79' lang='grc' dir='ltr'><em>ἄνδρες</em></span> <span class='ocrx_word' id='word_1_66' title='bbox 1334 595 1460 652; x_wconf 82' lang='grc' dir='ltr'><em>Ἀθη-</em></span> 
     </span>
     <span class='ocr_line' id='line_1_14' title="bbox 114 668 1460 723; baseline 0 -13"><span class='ocrx_word' id='word_1_67' title='bbox 114 676 231 711; x_wconf 91' lang='grc' dir='ltr'><em>ναῖοι</em></span> <span class='ocrx_word' id='word_1_68' title='bbox 262 669 334 710; x_wconf 81' lang='grc' dir='ltr'><em>καὶ</em></span> <span class='ocrx_word' id='word_1_69' title='bbox 365 668 584 723; x_wconf 82' lang='grc' dir='ltr'><em>μέγιστον,</em></span> <span class='ocrx_word' id='word_1_70' title='bbox 616 669 728 710; x_wconf 80' lang='grc' dir='ltr'><em>οὕτω</em></span> <span class='ocrx_word' id='word_1_71' title='bbox 763 670 1012 710; x_wconf 85' lang='grc' dir='ltr'><em>διακεῖσθαι</em></span> <span class='ocrx_word' id='word_1_72' title='bbox 1043 670 1118 719; x_wconf 78' lang='grc' dir='ltr'><em>τὰς</em></span> <span class='ocrx_word' id='word_1_73' title='bbox 1151 669 1324 723; x_wconf 89' lang='grc' dir='ltr'><em>γνώμας</em></span> <span class='ocrx_word' id='word_1_74' title='bbox 1351 669 1460 721; x_wconf 83' lang='grc' dir='ltr'><em>ὑμᾶς</em></span> 
     </span>
     <span class='ocr_line' id='line_1_15' title="bbox 114 739 1460 797; baseline 0 -16"><span class='ocrx_word' id='word_1_75' title='bbox 114 740 171 789; x_wconf 85' lang='grc' dir='ltr'><em>ὡς</em></span> <span class='ocrx_word' id='word_1_76' title='bbox 208 739 392 781; x_wconf 81' lang='grc' dir='ltr'><em>ἕκαστον</em></span> <span class='ocrx_word' id='word_1_77' title='bbox 430 739 584 781; x_wconf 79' lang='grc' dir='ltr'><em>ἑκόντα</em></span> <span class='ocrx_word' id='word_1_78' title='bbox 615 741 854 793; x_wconf 82' lang='grc' dir='ltr'><em>προθύμως</em></span> <span class='ocrx_word' id='word_1_79' title='bbox 887 741 908 782; x_wconf 86' lang='grc' dir='ltr'>ὅ</span> <span class='ocrx_word' id='word_1_80' title='bbox 942 756 983 781; x_wconf 87' lang='grc' dir='ltr'><em>τι</em></span> <span class='ocrx_word' id='word_1_81' title='bbox 1015 740 1070 781; x_wconf 77' lang='grc' dir='ltr'><em>ἂν</em></span> <span class='ocrx_word' id='word_1_82' title='bbox 1104 740 1179 797; x_wconf 83' lang='grc' dir='ltr'><em>δέῃ</em></span> <span class='ocrx_word' id='word_1_83' title='bbox 1210 742 1460 793; x_wconf 76' lang='grc' dir='ltr'><em>ποιήσοντα.</em></span> 
     </span>
     <span class='ocr_line' id='line_1_16' title="bbox 115 808 1453 866; baseline -0.001 -13"><span class='ocrx_word' id='word_1_84' title='bbox 115 811 241 866; x_wconf 88' lang='grc' dir='ltr'><em>ὁρᾶτε</em></span> <span class='ocrx_word' id='word_1_85' title='bbox 272 812 354 865; x_wconf 81' lang='grc' dir='ltr'><em>γὰρ</em></span> <span class='ocrx_word' id='word_1_86' title='bbox 389 808 420 852; x_wconf 83' lang='grc' dir='ltr'>ὦ</span> <span class='ocrx_word' id='word_1_87' title='bbox 460 811 616 864; x_wconf 75' lang='grc' dir='ltr'><em>ἄνδρες</em></span> <span class='ocrx_word' id='word_1_88' title='bbox 651 809 888 865; x_wconf 84' lang='grc' dir='ltr'><em>Ἀθηναῖοι,</em></span> <span class='ocrx_word' id='word_1_89' title='bbox 927 812 1005 865; x_wconf 86' lang='grc' dir='ltr'><em>ὅτι,</em></span> <span class='ocrx_word' id='word_1_90' title='bbox 1050 811 1130 852; x_wconf 85' lang='grc' dir='ltr'><em>ὅσα</em></span> <span class='ocrx_word' id='word_1_91' title='bbox 1167 811 1246 864; x_wconf 80' lang='grc' dir='ltr'><em>μὲν</em></span> <span class='ocrx_word' id='word_1_92' title='bbox 1283 811 1453 852; x_wconf 89' lang='grc' dir='ltr'><em>πώποθ’</em></span> 
     </span>
     <span class='ocr_line' id='line_1_17' title="bbox 115 881 1460 936; baseline -0.001 -13"><span class='ocrx_word' id='word_1_93' title='bbox 115 882 300 931; x_wconf 83' lang='grc' dir='ltr'><em>ἅπαντες</em></span> <span class='ocrx_word' id='word_1_94' title='bbox 331 882 610 936; x_wconf 80' lang='grc' dir='ltr'><em>ἠβουλήθητε</em></span> <span class='ocrx_word' id='word_1_95' title='bbox 636 882 707 923; x_wconf 81' lang='grc' dir='ltr'><em>καὶ</em></span> <span class='ocrx_word' id='word_1_96' title='bbox 733 883 838 934; x_wconf 84' lang='grc' dir='ltr'><em>μετὰ</em></span> <span class='ocrx_word' id='word_1_97' title='bbox 864 888 999 923; x_wconf 85' lang='grc' dir='ltr'><em>ταῦτα</em></span> <span class='ocrx_word' id='word_1_98' title='bbox 1025 883 1073 923; x_wconf 89' lang='grc' dir='ltr'><em>τὸ</em></span> <span class='ocrx_word' id='word_1_99' title='bbox 1100 881 1306 935; x_wconf 78' lang='grc' dir='ltr'><em>πράττειν</em></span> <span class='ocrx_word' id='word_1_100' title='bbox 1332 881 1460 931; x_wconf 86' lang='grc' dir='ltr'><em>αὐτὸς</em></span> 
     </span>
     <span class='ocr_line' id='line_1_18' title="bbox 114 950 1461 1009; baseline -0.001 -15"><span class='ocrx_word' id='word_1_101' title='bbox 114 952 292 1002; x_wconf 81' lang='grc' dir='ltr'><em>ἕκαστος</em></span> <span class='ocrx_word' id='word_1_102' title='bbox 324 951 461 1009; x_wconf 81' lang='grc' dir='ltr'><em>ἑαυτῷ</em></span> <span class='ocrx_word' id='word_1_103' title='bbox 489 955 726 1006; x_wconf 76' lang='grc' dir='ltr'><em>προσήκειν</em></span> <span class='ocrx_word' id='word_1_104' title='bbox 758 954 963 1007; x_wconf 71' lang='grc' dir='ltr'><em>ἡγήσατο,</em></span> <span class='ocrx_word' id='word_1_105' title='bbox 990 952 1122 994; x_wconf 80' lang='grc' dir='ltr'><em>οὐδὲν</em></span> <span class='ocrx_word' id='word_1_106' title='bbox 1147 950 1320 994; x_wconf 84' lang='grc' dir='ltr'><em>πώποθ’</em></span> <span class='ocrx_word' id='word_1_107' title='bbox 1351 953 1461 1005; x_wconf 79' lang='grc' dir='ltr'><em>ὑμᾶς</em></span> 
     </span>
     <span class='ocr_line' id='line_1_19' title="bbox 115 1021 1462 1078; baseline 0 -13"><span class='ocrx_word' id='word_1_108' title='bbox 115 1022 338 1078; x_wconf 80' lang='grc' dir='ltr'><em>ἐξέφυγεν,</em></span> <span class='ocrx_word' id='word_1_109' title='bbox 359 1024 439 1065; x_wconf 84' lang='grc' dir='ltr'><em>ὅσα</em></span> <span class='ocrx_word' id='word_1_110' title='bbox 460 1021 497 1065; x_wconf 91' lang='grc' dir='ltr'><em>δ’</em></span> <span class='ocrx_word' id='word_1_111' title='bbox 522 1023 801 1077; x_wconf 82' lang='grc' dir='ltr'><em>ήβουλήθητε</em></span> <span class='ocrx_word' id='word_1_112' title='bbox 821 1023 912 1077; x_wconf 83' lang='grc' dir='ltr'><em>μέν,</em></span> <span class='ocrx_word' id='word_1_113' title='bbox 937 1024 1042 1075; x_wconf 81' lang='grc' dir='ltr'><em>μετὰ</em></span> <span class='ocrx_word' id='word_1_114' title='bbox 1062 1029 1198 1064; x_wconf 86' lang='grc' dir='ltr'><em>ταῦτα</em></span> <span class='ocrx_word' id='word_1_115' title='bbox 1218 1021 1255 1064; x_wconf 92' lang='grc' dir='ltr'><em>δ’</em></span> <span class='ocrx_word' id='word_1_116' title='bbox 1281 1023 1462 1076; x_wconf 81' lang='grc' dir='ltr'><em>ἀπεβλέ-</em></span> 
     </span>
     <span class='ocr_line' id='line_1_20' title="bbox 114 1092 1461 1149; baseline 0 -13"><span class='ocrx_word' id='word_1_117' title='bbox 114 1092 213 1145; x_wconf 85' lang='grc' dir='ltr'><em>ψατ’</em></span> <span class='ocrx_word' id='word_1_118' title='bbox 257 1096 317 1144; x_wconf 84' lang='grc' dir='ltr'><em>εἰς</em></span> <span class='ocrx_word' id='word_1_119' title='bbox 349 1094 562 1148; x_wconf 76' lang='grc' dir='ltr'><em>ἀλλήλους</em></span> <span class='ocrx_word' id='word_1_120' title='bbox 599 1095 654 1144; x_wconf 85' lang='grc' dir='ltr'><em>ὡς</em></span> <span class='ocrx_word' id='word_1_121' title='bbox 687 1095 816 1143; x_wconf 83' lang='grc' dir='ltr'><em>αὐτὸς</em></span> <span class='ocrx_word' id='word_1_122' title='bbox 848 1095 927 1146; x_wconf 79' lang='grc' dir='ltr'><em>μὲν</em></span> <span class='ocrx_word' id='word_1_123' title='bbox 959 1094 1135 1143; x_wconf 80' lang='grc' dir='ltr'><em>ἕκαστος</em></span> <span class='ocrx_word' id='word_1_124' title='bbox 1168 1094 1220 1135; x_wconf 84' lang='grc' dir='ltr'><em>οὐ</em></span> <span class='ocrx_word' id='word_1_125' title='bbox 1253 1096 1461 1149; x_wconf 81' lang='grc' dir='ltr'><em>ποιήσων,</em></span> 
     </span>
     <span class='ocr_line' id='line_1_21' title="bbox 114 1163 1459 1219; baseline 0 -12"><span class='ocrx_word' id='word_1_126' title='bbox 114 1166 192 1207; x_wconf 92' lang='grc' dir='ltr'><em>τὸν</em></span> <span class='ocrx_word' id='word_1_127' title='bbox 225 1166 273 1207; x_wconf 83' lang='grc' dir='ltr'><em>δὲ</em></span> <span class='ocrx_word' id='word_1_128' title='bbox 304 1167 491 1219; x_wconf 83' lang='grc' dir='ltr'><em>πλησίον</em></span> <span class='ocrx_word' id='word_1_129' title='bbox 522 1164 754 1219; x_wconf 77' lang='grc' dir='ltr'><em>πράξοντα,</em></span> <span class='ocrx_word' id='word_1_130' title='bbox 786 1165 918 1207; x_wconf 80' lang='grc' dir='ltr'><em>οὐδὲν</em></span> <span class='ocrx_word' id='word_1_131' title='bbox 943 1163 1114 1206; x_wconf 84' lang='grc' dir='ltr'><em>πώποθ’</em></span> <span class='ocrx_word' id='word_1_132' title='bbox 1147 1165 1251 1217; x_wconf 82' lang='grc' dir='ltr'><em>ὑμῖν</em></span> <span class='ocrx_word' id='word_1_133' title='bbox 1278 1164 1459 1219; x_wconf 84' lang='grc' dir='ltr'><em>ἐγένετο.</em></span> 
     </span>
     <span class='ocr_line' id='line_1_22' title="bbox 115 1234 1458 1291; baseline 0.001 -14"><span class='ocrx_word' id='word_1_134' title='bbox 115 1234 305 1291; x_wconf 78' lang='grc' dir='ltr'><em>ἐχόντων</em></span> <span class='ocrx_word' id='word_1_135' title='bbox 336 1234 373 1277; x_wconf 89' lang='grc' dir='ltr'><em>δ’</em></span> <span class='ocrx_word' id='word_1_136' title='bbox 405 1236 528 1288; x_wconf 87' lang='grc' dir='ltr'><em>ὑμῶν</em></span> <span class='ocrx_word' id='word_1_137' title='bbox 555 1236 667 1278; x_wconf 80' lang='grc' dir='ltr'><em>οὕτω</em></span> <span class='ocrx_word' id='word_1_138' title='bbox 695 1237 765 1277; x_wconf 80' lang='grc' dir='ltr'><em>καὶ</em></span> <span class='ocrx_word' id='word_1_139' title='bbox 791 1235 1157 1290; x_wconf 79' lang='grc' dir='ltr'><em>παρωξυμμένων,</em></span> <span class='ocrx_word' id='word_1_140' title='bbox 1187 1237 1289 1285; x_wconf 82' lang='grc' dir='ltr'><em>τοὺς</em></span> <span class='ocrx_word' id='word_1_141' title='bbox 1316 1237 1458 1278; x_wconf 83' lang='grc' dir='ltr'><em>διακο-</em></span> 
     </span>
     <span class='ocr_line' id='line_1_23' title="bbox 116 1307 1455 1361; baseline 0 -13"><span class='ocrx_word' id='word_1_142' title='bbox 116 1308 237 1356; x_wconf 89' lang='grc' dir='ltr'><em>σίους</em></span> <span class='ocrx_word' id='word_1_143' title='bbox 262 1307 334 1348; x_wconf 84' lang='grc' dir='ltr'><em>καὶ</em></span> <span class='ocrx_word' id='word_1_144' title='bbox 359 1309 525 1361; x_wconf 76' lang='grc' dir='ltr'><em>χιλίους</em></span> <span class='ocrx_word' id='word_1_145' title='bbox 553 1307 865 1361; x_wconf 79' lang='grc' dir='ltr'><em>ἀναπληρῶσαί</em></span> <span class='ocrx_word' id='word_1_146' title='bbox 889 1323 998 1361; x_wconf 89' lang='grc' dir='ltr'><em>φημι</em></span> <span class='ocrx_word' id='word_1_147' title='bbox 1019 1314 1173 1361; x_wconf 85' lang='grc' dir='ltr'><em>χρῆναι</em></span> <span class='ocrx_word' id='word_1_148' title='bbox 1194 1308 1264 1348; x_wconf 79' lang='grc' dir='ltr'><em>καὶ</em></span> <span class='ocrx_word' id='word_1_149' title='bbox 1283 1313 1455 1361; x_wconf 81' lang='grc' dir='ltr'><em>ποιῆσαι</em></span> 
     </span>
     <span class='ocr_line' id='line_1_24' title="bbox 116 1377 1458 1432; baseline 0 -13"><span class='ocrx_word' id='word_1_150' title='bbox 116 1378 368 1432; x_wconf 87' lang='grc' dir='ltr'><em>δισχιλίους,</em></span> <span class='ocrx_word' id='word_1_151' title='bbox 394 1378 675 1427; x_wconf 81' lang='grc' dir='ltr'><em>ὀκτακοσίους</em></span> <span class='ocrx_word' id='word_1_152' title='bbox 701 1378 848 1427; x_wconf 81' lang='grc' dir='ltr'><em>αὐτοῖς</em></span> <span class='ocrx_word' id='word_1_153' title='bbox 875 1379 1237 1431; x_wconf 86' lang='grc' dir='ltr'><em>προσνείμαντας·</em></span> <span class='ocrx_word' id='word_1_154' title='bbox 1276 1377 1352 1419; x_wconf 81' lang='grc' dir='ltr'><em>ἐὰν</em></span> <span class='ocrx_word' id='word_1_155' title='bbox 1377 1379 1458 1432; x_wconf 84' lang='grc' dir='ltr'><em>γὰρ</em></span> 
     </span>
     <span class='ocr_line' id='line_1_25' title="bbox 114 1446 1460 1503; baseline 0 -13"><span class='ocrx_word' id='word_1_156' title='bbox 114 1446 230 1490; x_wconf 88' lang='grc' dir='ltr'><em>τοῦτ’</em></span> <span class='ocrx_word' id='word_1_157' title='bbox 274 1448 527 1502; x_wconf 78' lang='grc' dir='ltr'><em>ἀποδείξητε</em></span> <span class='ocrx_word' id='word_1_158' title='bbox 564 1450 612 1490; x_wconf 92' lang='grc' dir='ltr'><em>τὸ</em></span> <span class='ocrx_word' id='word_1_159' title='bbox 645 1452 827 1502; x_wconf 78' lang='grc' dir='ltr'><em>πλῆθος,</em></span> <span class='ocrx_word' id='word_1_160' title='bbox 866 1450 1066 1502; x_wconf 75' lang='grc' dir='ltr'><em>ἡγοῦμαι,</em></span> <span class='ocrx_word' id='word_1_161' title='bbox 1096 1456 1184 1490; x_wconf 88' lang='grc' dir='ltr'><em>τῶν</em></span> <span class='ocrx_word' id='word_1_162' title='bbox 1217 1447 1460 1503; x_wconf 81' lang='grc' dir='ltr'><em>ἐπικλήρων</em></span> 
     </span>
     <span class='ocr_line' id='line_1_26' title="bbox 116 1519 1460 1573; baseline 0.001 -13"><span class='ocrx_word' id='word_1_163' title='bbox 116 1520 186 1560; x_wconf 80' lang='grc' dir='ltr'><em>καὶ</em></span> <span class='ocrx_word' id='word_1_164' title='bbox 211 1526 300 1561; x_wconf 84' lang='grc' dir='ltr'><em>τῶν</em></span> <span class='ocrx_word' id='word_1_165' title='bbox 326 1519 536 1573; x_wconf 75' lang='grc' dir='ltr'><em>ὀρφανῶν</em></span> <span class='ocrx_word' id='word_1_166' title='bbox 563 1520 633 1560; x_wconf 78' lang='grc' dir='ltr'><em>καὶ</em></span> <span class='ocrx_word' id='word_1_167' title='bbox 660 1527 747 1560; x_wconf 87' lang='grc' dir='ltr'><em>τῶν</em></span> <span class='ocrx_word' id='word_1_168' title='bbox 773 1523 1073 1573; x_wconf 83' lang='grc' dir='ltr'><em>κληρουχικῶν</em></span> <span class='ocrx_word' id='word_1_169' title='bbox 1099 1520 1169 1560; x_wconf 82' lang='grc' dir='ltr'><em>καὶ</em></span> <span class='ocrx_word' id='word_1_170' title='bbox 1194 1525 1283 1561; x_wconf 85' lang='grc' dir='ltr'><em>τῶν</em></span> <span class='ocrx_word' id='word_1_171' title='bbox 1307 1535 1460 1561; x_wconf 87' lang='grc' dir='ltr'><em>κοινω-</em></span> 
     </span>
     <span class='ocr_line' id='line_1_27' title="bbox 115 1588 1460 1644; baseline 0 -13"><span class='ocrx_word' id='word_1_172' title='bbox 115 1595 251 1632; x_wconf 80' lang='grc' dir='ltr'><em>νικῶν</em></span> <span class='ocrx_word' id='word_1_173' title='bbox 275 1590 347 1631; x_wconf 84' lang='grc' dir='ltr'><em>καὶ</em></span> <span class='ocrx_word' id='word_1_174' title='bbox 373 1590 413 1632; x_wconf 86' lang='grc' dir='ltr'><em>εἴ</em></span> <span class='ocrx_word' id='word_1_175' title='bbox 435 1606 499 1639; x_wconf 92' lang='grc' dir='ltr'><em>τις</em></span> <span class='ocrx_word' id='word_1_176' title='bbox 526 1589 741 1639; x_wconf 79' lang='grc' dir='ltr'><em>ἀδύνατος</em></span> <span class='ocrx_word' id='word_1_177' title='bbox 768 1589 1114 1644; x_wconf 78' lang='grc' dir='ltr'><em>ἀφαιρεθέντων,</em></span> <span class='ocrx_word' id='word_1_178' title='bbox 1140 1588 1319 1631; x_wconf 78' lang='grc' dir='ltr'><em>ἔσεσθαι</em></span> <span class='ocrx_word' id='word_1_179' title='bbox 1345 1592 1460 1644; x_wconf 83' lang='grc' dir='ltr'><em>χίλια</em></span> 
     </span>
     <span class='ocr_line' id='line_1_28' title="bbox 114 1659 1461 1713; baseline 0 -11"><span class='ocrx_word' id='word_1_180' title='bbox 114 1661 186 1702; x_wconf 80' lang='grc' dir='ltr'><em>καὶ</em></span> <span class='ocrx_word' id='word_1_181' title='bbox 225 1662 424 1702; x_wconf 87' lang='grc' dir='ltr'><em>διακόσια</em></span> <span class='ocrx_word' id='word_1_182' title='bbox 461 1660 589 1702; x_wconf 87' lang='grc' dir='ltr'><em>ταῦθ’</em></span> <span class='ocrx_word' id='word_1_183' title='bbox 635 1661 740 1713; x_wconf 81' lang='grc' dir='ltr'><em>ὑμῖν</em></span> <span class='ocrx_word' id='word_1_184' title='bbox 778 1661 962 1713; x_wconf 89' lang='grc' dir='ltr'><em>σώματα.</em></span> <span class='ocrx_word' id='word_1_185' title='bbox 1019 1659 1065 1702; x_wconf 81' lang='grc' dir='ltr'><em>ἐκ</em></span> <span class='ocrx_word' id='word_1_186' title='bbox 1101 1662 1255 1702; x_wconf 89' lang='grc' dir='ltr'><em>τοίνυν</em></span> <span class='ocrx_word' id='word_1_187' title='bbox 1292 1662 1461 1702; x_wconf 84' lang='grc' dir='ltr'><em>τούτων</em></span> 
     </span>
     <span class='ocr_line' id='line_1_29' title="bbox 116 1727 1460 1786; baseline 0 -13"><span class='ocrx_word' id='word_1_188' title='bbox 116 1727 234 1784; x_wconf 80' lang='grc' dir='ltr'><em>οἶμαι</em></span> <span class='ocrx_word' id='word_1_189' title='bbox 262 1732 356 1773; x_wconf 86' lang='grc' dir='ltr'><em>δεῖν</em></span> <span class='ocrx_word' id='word_1_190' title='bbox 382 1737 558 1784; x_wconf 81' lang='grc' dir='ltr'><em>ποιῆσαι</em></span> <span class='ocrx_word' id='word_1_191' title='bbox 586 1733 827 1785; x_wconf 88' lang='grc' dir='ltr'><em>συμμορίας</em></span> <span class='ocrx_word' id='word_1_192' title='bbox 854 1732 1030 1786; x_wconf 81' lang='grc' dir='ltr'><em>εἴκοσιν,</em></span> <span class='ocrx_word' id='word_1_193' title='bbox 1054 1732 1198 1785; x_wconf 83' lang='grc' dir='ltr'><em>ὥσπερ</em></span> <span class='ocrx_word' id='word_1_194' title='bbox 1224 1737 1310 1772; x_wconf 85' lang='grc' dir='ltr'><em>νῦν</em></span> <span class='ocrx_word' id='word_1_195' title='bbox 1336 1734 1460 1785; x_wconf 86' lang='grc' dir='ltr'><em>εἰσιν,</em></span> 
     </span>
     <span class='ocr_line' id='line_1_30' title="bbox 116 1800 1460 1857; baseline 0 -14"><span class='ocrx_word' id='word_1_196' title='bbox 116 1801 322 1856; x_wconf 82' lang='grc' dir='ltr'><em>ἑξήκοντα</em></span> <span class='ocrx_word' id='word_1_197' title='bbox 349 1800 506 1854; x_wconf 89' lang='grc' dir='ltr'><em>σώματ’</em></span> <span class='ocrx_word' id='word_1_198' title='bbox 538 1801 726 1857; x_wconf 76' lang='grc' dir='ltr'><em>ἔχουσαν</em></span> <span class='ocrx_word' id='word_1_199' title='bbox 752 1801 946 1856; x_wconf 80' lang='grc' dir='ltr'><em>ἑκάστην.</em></span> <span class='ocrx_word' id='word_1_200' title='bbox 985 1803 1154 1844; x_wconf 89' lang='grc' dir='ltr'><em>τούτων</em></span> <span class='ocrx_word' id='word_1_201' title='bbox 1180 1803 1227 1844; x_wconf 77' lang='grc' dir='ltr'><em>δὲ</em></span> <span class='ocrx_word' id='word_1_202' title='bbox 1246 1808 1334 1844; x_wconf 86' lang='grc' dir='ltr'><em>τῶν</em></span> <span class='ocrx_word' id='word_1_203' title='bbox 1355 1814 1460 1855; x_wconf 88' lang='grc' dir='ltr'><em>συμ-</em></span> 
     </span>
     <span class='ocr_line' id='line_1_31' title="bbox 117 1871 1454 1927; baseline -0.001 -12"><span class='ocrx_word' id='word_1_204' title='bbox 117 1878 282 1927; x_wconf 84' lang='grc' dir='ltr'><em>μοριῶν</em></span> <span class='ocrx_word' id='word_1_205' title='bbox 309 1871 493 1926; x_wconf 78' lang='grc' dir='ltr'><em>ἑκάστην</em></span> <span class='ocrx_word' id='word_1_206' title='bbox 520 1873 681 1914; x_wconf 84' lang='grc' dir='ltr'><em>διελεῖν</em></span> <span class='ocrx_word' id='word_1_207' title='bbox 707 1874 867 1915; x_wconf 87' lang='grc' dir='ltr'><em>κελεύω</em></span> <span class='ocrx_word' id='word_1_208' title='bbox 894 1873 1022 1915; x_wconf 80' lang='grc' dir='ltr'><em>πέντε</em></span> <span class='ocrx_word' id='word_1_209' title='bbox 1047 1873 1152 1927; x_wconf 85' lang='grc' dir='ltr'><em>μέρη</em></span> <span class='ocrx_word' id='word_1_210' title='bbox 1174 1874 1281 1914; x_wconf 80' lang='grc' dir='ltr'><em>κατὰ</em></span> <span class='ocrx_word' id='word_1_211' title='bbox 1302 1872 1454 1915; x_wconf 87' lang='grc' dir='ltr'><em>δώδεκ’</em></span> 
     </span>
     <span class='ocr_line' id='line_1_32' title="bbox 116 1943 1459 1999; baseline 0.001 -15"><span class='ocrx_word' id='word_1_212' title='bbox 116 1945 292 1997; x_wconf 79' lang='grc' dir='ltr'><em>ἄνδρας,</em></span> <span class='ocrx_word' id='word_1_213' title='bbox 330 1943 771 1997; x_wconf 80' lang='grc' dir='ltr'><em>ἀνταναπληροῦντας</em></span> <span class='ocrx_word' id='word_1_214' title='bbox 808 1946 915 1999; x_wconf 88' lang='grc' dir='ltr'><em>πρὸς</em></span> <span class='ocrx_word' id='word_1_215' title='bbox 947 1946 1025 1986; x_wconf 89' lang='grc' dir='ltr'><em>τὸν</em></span> <span class='ocrx_word' id='word_1_216' title='bbox 1057 1944 1362 1997; x_wconf 83' lang='grc' dir='ltr'><em>εὐπορώτατον</em></span> <span class='ocrx_word' id='word_1_217' title='bbox 1394 1944 1459 1986; x_wconf 83' lang='grc' dir='ltr'><em>ἀεὶ</em></span> 
     </span>
     <span class='ocr_line' id='line_1_33' title="bbox 115 2012 1458 2068; baseline 0 -12"><span class='ocrx_word' id='word_1_218' title='bbox 115 2017 216 2064; x_wconf 86' lang='grc' dir='ltr'><em>τοὺς</em></span> <span class='ocrx_word' id='word_1_219' title='bbox 261 2014 576 2068; x_wconf 74' lang='grc' dir='ltr'><em>ἀπορωτάτους.</em></span> <span class='ocrx_word' id='word_1_220' title='bbox 639 2015 709 2055; x_wconf 84' lang='grc' dir='ltr'><em>καὶ</em></span> <span class='ocrx_word' id='word_1_221' title='bbox 753 2015 804 2056; x_wconf 81' lang='grc' dir='ltr'><em>τὰ</em></span> <span class='ocrx_word' id='word_1_222' title='bbox 841 2016 920 2067; x_wconf 83' lang='grc' dir='ltr'><em>μὲν</em></span> <span class='ocrx_word' id='word_1_223' title='bbox 959 2016 1132 2067; x_wconf 89' lang='grc' dir='ltr'><em>σώματα</em></span> <span class='ocrx_word' id='word_1_224' title='bbox 1170 2012 1302 2056; x_wconf 88' lang='grc' dir='ltr'><em>ταῦθ’</em></span> <span class='ocrx_word' id='word_1_225' title='bbox 1346 2014 1458 2056; x_wconf 82' lang='grc' dir='ltr'><em>οὕτω</em></span> 
     </span>
     <span class='ocr_line' id='line_1_34' title="bbox 117 2083 1460 2140; baseline 0 -14"><span class='ocrx_word' id='word_1_226' title='bbox 117 2085 408 2140; x_wconf 84' lang='grc' dir='ltr'><em>συντετάχθαι</em></span> <span class='ocrx_word' id='word_1_227' title='bbox 437 2086 547 2139; x_wconf 83' lang='grc' dir='ltr'><em>φημὶ</em></span> <span class='ocrx_word' id='word_1_228' title='bbox 573 2086 684 2126; x_wconf 89' lang='grc' dir='ltr'><em>δεῖν·</em></span> <span class='ocrx_word' id='word_1_229' title='bbox 723 2083 778 2127; x_wconf 87' lang='grc' dir='ltr'><em>δι’</em></span> <span class='ocrx_word' id='word_1_230' title='bbox 811 2085 833 2127; x_wconf 86' lang='grc' dir='ltr'>ὃ</span> <span class='ocrx_word' id='word_1_231' title='bbox 861 2083 916 2140; x_wconf 87' lang='grc' dir='ltr'><em>δ’,</em></span> <span class='ocrx_word' id='word_1_232' title='bbox 941 2086 1127 2139; x_wconf 81' lang='grc' dir='ltr'><em>εἴσεσθε,</em></span> <span class='ocrx_word' id='word_1_233' title='bbox 1153 2083 1329 2127; x_wconf 81' lang='grc' dir='ltr'><em>ἐπειδὰν</em></span> <span class='ocrx_word' id='word_1_234' title='bbox 1355 2086 1460 2127; x_wconf 83' lang='grc' dir='ltr'><em>ὅλον</em></span> 
     </span>
    </p>
   </div>
   <div class='ocr_carea' id='block_1_9' title="bbox 1489 822 1531 852">
    <p class='ocr_par' dir='ltr' id='par_1_9' title="bbox 1489 822 1531 852">
     <span class='ocr_line' id='line_1_35' title="bbox 1489 822 1531 852; baseline 0 0"><span class='ocrx_word' id='word_1_235' title='bbox 1489 822 1531 852; x_wconf 83' lang='grc'><em>15</em></span> 
     </span>
    </p>
   </div>
   <div class='ocr_carea' id='block_1_10' title="bbox 1489 1248 1530 1278">
    <p class='ocr_par' dir='ltr' id='par_1_10' title="bbox 1489 1248 1530 1278">
     <span class='ocr_line' id='line_1_36' title="bbox 1489 1248 1530 1278; baseline 0 0"><span class='ocrx_word' id='word_1_236' title='bbox 1489 1248 1530 1278; x_wconf 84' lang='grc'><em>16</em></span> 
     </span>
    </p>
   </div>
   <div class='ocr_carea' id='block_1_11' title="bbox 1492 1673 1529 1703">
    <p class='ocr_par' dir='ltr' id='par_1_11' title="bbox 1492 1673 1529 1703">
     <span class='ocr_line' id='line_1_37' title="bbox 1492 1673 1529 1703; baseline -0.027 0"><span class='ocrx_word' id='word_1_237' title='bbox 1492 1673 1529 1703; x_wconf 79' lang='lat'><em>17</em></span> 
     </span>
    </p>
   </div>
   <div class='ocr_carea' id='block_1_12' title="bbox 65 2156 1530 2282">
    <p class='ocr_par' dir='ltr' id='par_1_12' title="bbox 65 2156 1530 2282">
     <span class='ocr_line' id='line_1_38' title="bbox 115 2156 1530 2210; baseline 0.001 -13"><span class='ocrx_word' id='word_1_238' title='bbox 115 2156 194 2197; x_wconf 89' lang='grc' dir='ltr'><em>τὸν</em></span> <span class='ocrx_word' id='word_1_239' title='bbox 231 2157 395 2210; x_wconf 90' lang='grc' dir='ltr'><em>τρόπον</em></span> <span class='ocrx_word' id='word_1_240' title='bbox 431 2162 505 2208; x_wconf 81' lang='grc' dir='ltr'><em>τῆς</em></span> <span class='ocrx_word' id='word_1_241' title='bbox 538 2156 780 2206; x_wconf 79' lang='grc' dir='ltr'><em>συντάξεως</em></span> <span class='ocrx_word' id='word_1_242' title='bbox 813 2156 1035 2210; x_wconf 79' lang='grc' dir='ltr'><em>ἀκούσητε.</em></span> <span class='ocrx_word' id='word_1_243' title='bbox 1085 2157 1159 2205; x_wconf 84' lang='grc' dir='ltr'><em>τὰς</em></span> <span class='ocrx_word' id='word_1_244' title='bbox 1193 2157 1240 2197; x_wconf 82' lang='grc' dir='ltr'><em>δὲ</em></span> <span class='ocrx_word' id='word_1_245' title='bbox 1271 2158 1459 2210; x_wconf 88' lang='grc' dir='ltr'><em>τριήρεις</em></span> <span class='ocrx_word' id='word_1_246' title='bbox 1488 2168 1530 2198; x_wconf 85' lang='grc'><em>18</em></span> 
     </span>
     <span class='ocr_line' id='line_1_39' title="bbox 65 2224 1460 2282; baseline 0 -14"><span class='ocrx_word' id='word_1_247' title='bbox 65 2244 99 2269; x_wconf 82' lang='lat'><em>30</em></span> <span class='ocrx_word' id='word_1_248' title='bbox 118 2232 226 2277; x_wconf 86' lang='grc' dir='ltr'><em>πῶς;</em></span> <span class='ocrx_word' id='word_1_249' title='bbox 251 2227 330 2268; x_wconf 91' lang='grc' dir='ltr'><em>τὸν</em></span> <span class='ocrx_word' id='word_1_250' title='bbox 355 2224 506 2268; x_wconf 83' lang='grc' dir='ltr'><em>ἅπαντ’</em></span> <span class='ocrx_word' id='word_1_251' title='bbox 538 2225 731 2280; x_wconf 81' lang='grc' dir='ltr'><em>ἀριθμὸν</em></span> <span class='ocrx_word' id='word_1_252' title='bbox 756 2228 915 2269; x_wconf 84' lang='grc' dir='ltr'><em>κελεύω</em></span> <span class='ocrx_word' id='word_1_253' title='bbox 942 2228 1190 2282; x_wconf 84' lang='grc' dir='ltr'><em>τριακοσίας</em></span> <span class='ocrx_word' id='word_1_254' title='bbox 1211 2226 1460 2277; x_wconf 79' lang='grc' dir='ltr'><em>ἀποδείξαν-</em></span> 
     </span>
    </p>
   </div>
  </div>
 </body>
</html>
