1689 2531
98 99 190 143 Vm]
438 99 553 130 ΠΕΡΙ
577 97 675 130 ΤΩΝ
699 98 764 129 EN
790 95 1103 129 XEPPONHEQI
1389 93 1444 134 95

99 195 316 248 φήσομεν;
343 191 506 241 ἐκεῖνος
525 192 606 244 μὲν
624 192 706 247 γὰρ
729 191 780 233 οὐ
801 194 1017 245 πολεμεῖν,
1043 191 1186 244 ὥσπερ
1201 187 1295 232 οὐδ’
1308 188 1446 244 Ὠρεί-

97 281 203 319 ταις,
227 271 316 305 τῶν
342 270 618 317 στρατιωτῶν
645 264 786 304 ὄντων
813 261 861 304 ε’ν
886 269 937 318 τῇ
958 262 1088 318 χώρα,
1114 261 1219 303 οὐδὲ
1244 262 1446 315 Φεραίοις

97 337 324 390 πρότερον,
349 335 456 387 πρὸς
476 334 529 375 τὰ
548 335 665 388 τείχη
686 334 976 387 προσβάλλων
996 333 1154 386 αὐτῶν,
1180 329 1273 373 οὐδ’
1293 331 1450 374 Ὀλυν-

97 407 215 454 θίοις
258 403 300 455 ἐξ
345 404 495 459 ἀρχῆς,
535 403 613 453 ἕως
656 403 704 446 ἐν
739 404 848 459 αὐτῇ
879 411 930 460 τῇ
965 403 1083 460 χώρᾳ
1116 403 1164 445 τὸ
1205 402 1451 456 στράτευμα

64 494 78 519 5
98 482 243 530 παρῆν
261 473 384 530 ἔχων.
404 475 428 530 ἢ
450 476 521 516 καὶ
541 476 637 516 τότε
657 477 758 524 τοὺς
779 474 1026 527 ἀμύνεσθαι
1046 474 1303 523 κελεύοντας
1322 476 1450 514 πολε-

97 563 182 600 μον
212 553 355 588 ποιεῖν
387 548 602 600 φήσομεν;
636 545 801 587 οὐκοῦν
832 546 1077 587 ὑπόλοιπον
1116 544 1362 586 δουλεύειν·
1395 544 1450 585 οὐ

98 618 180 672 γὰρ
207 618 313 658 ἄλλο
338 614 378 671 γ’
410 616 542 658 οὐδέν
568 615 658 658 ἐστι
684 615 842 668 μεταξὺ
862 622 941 658 τοῦ
961 613 1054 670 μήτ’
1081 615 1330 667 ἀμύνεσθαι
1349 612 1443 668 μήτ’

99 689 222 742 ἄγειν
247 689 434 743 ἡσυχίαν
461 686 630 729 ἐᾶσθαι.
662 688 733 728 καὶ
760 688 846 742 μὴν
873 687 951 742 οὐχ
978 687 1087 741 ὑπὲρ
1108 693 1196 728 τῶν
1216 686 1325 727 ἴσων
1344 685 1449 738 ὑμῖν

99 759 170 800 καὶ
201 765 291 808 τοῖς
324 759 470 808 ἄλλοις
495 756 591 800 ἔσθ’
626 758 647 800 ὁ
674 759 899 808 κίνδυνος·
932 758 984 799 οὐ
1016 759 1099 812 γὰρ
1126 755 1198 811 ὑφ’
1233 758 1349 813 αὑτῷ
1369 757 1449 810 τὴν

48 848 81 872 10
99 831 230 871 πόλιν
248 831 519 883 ποιήσασθαι
539 829 743 883 βούλεται
769 831 995 883 Φίλιππος,
1015 827 1111 870 ἀλλ’
1137 829 1245 877 ὅλως
1266 826 1451 870 ἀνελεῖν.

100 896 221 942 οἶδεν
246 900 328 954 γὰρ
356 899 545 954 ἀκριβῶς
573 900 639 941 ὅτι
666 900 896 941 δουλεύειν
921 900 1001 951 μὲν
1026 899 1148 952 ὑμεῖς
1175 896 1264 941 οὔτ’
1298 897 1451 952 ἐθελή-

101 982 214 1026 σετε,
245 971 323 1013 οὔτ
335 970 356 1025 ’,
394 970 448 1012 ἂν
475 969 720 1025 ἐθελήσητ’,
759 969 1047 1024 ἐπιστήσεσθε
1080 969 1250 1026 (ἄρχειν
1281 970 1364 1023 γὰρ
1392 970 1445 1010 εἰο

101 1040 277 1098 ώθατε),
301 1042 530 1096 πράγματα
557 1040 593 1083 δ’
621 1041 737 1098 αὐτῷ
752 1049 1004 1096 παρασχεῖν,
1031 1040 1084 1082 ἂν
1104 1042 1259 1093 καιρὸν
1281 1040 1454 1093 λάβητε,

100 1114 232 1155 πλείω
258 1119 346 1154 τῶν
372 1113 516 1154 ἄλλων
543 1111 748 1154 ἁπάντων
775 1111 1026 1165 ἀνθρώπων
1052 1112 1312 1165 δυνήσεσθε.

49 1201 82 1227 15
162 1184 231 1233 Ὡς
263 1180 345 1225 οὗν
376 1184 484 1237 ὑπὲρ
516 1190 604 1225 τῶν
637 1182 829 1238 ἐσχάτων
861 1184 986 1232 ὄντος
1011 1188 1089 1224 τοῦ
1117 1181 1304 1236 ἀγῶνος,
1336 1181 1449 1223 οὕτω

0 1285 2 1303 s
102 1256 310 1309 προσήκει
328 1255 603 1309 γιγνώσκειν,
622 1255 693 1295 καὶ
713 1256 814 1303 τοὺς
834 1255 1105 1307 πεπρακότας
1126 1254 1285 1302 αὑτοὺς
1301 1251 1450 1308 ἐκείνῳ

102 1332 247 1378 μισεῖν
272 1326 344 1366 καὶ
369 1325 740 1378 ἀποτυμπανίσαι·
768 1325 819 1366 οὐ
845 1325 928 1378 γὰρ
955 1322 1088 1378 ἔστιν,
1113 1323 1193 1365 οὐκ
1219 1321 1339 1364 ἔστιν
1364 1329 1452 1364 τῶν

102 1394 182 1446 ἔξω
208 1402 282 1450 τῆς
307 1397 471 1446 πόλεως
498 1395 672 1451 ἐχθρῶν
698 1402 921 1450 κρατῆσαι,
946 1395 1052 1449 πρὶν
1079 1394 1133 1436 ἂν
1152 1395 1254 1443 τοὺς
1275 1391 1323 1434 ἐν
1343 1393 1452 1448 αὐτῇ

102 1474 154 1523 τῇ
185 1468 308 1509 πόλει
339 1466 539 1521 κολάσητ’
578 1466 777 1522 ἐχθρούς.
827 1467 970 1507 πόθεν
1008 1466 1157 1508 οἴεσθε
1194 1471 1280 1506 νῦν
1317 1464 1453 1506 αὐτὸν

31 1542 80 1577 05
100 1538 295 1591 ὑβρίζειν
331 1537 632 1593 ὑμᾶςῄζούδὲν
669 1539 751 1591 γὰρ
785 1536 876 1578 ἄλλ’
915 1534 1060 1590 ἔμοιγε
1101 1537 1223 1577 δοκεῖ
1252 1543 1395 1576 ποιεῖν
1426 1534 1451 1588 ἢ

52 1626 84 1651 21
104 1615 252 1665 τοῦτο)
279 1609 351 1650 καὶ
376 1611 478 1658 τοὺς
504 1610 583 1661 μὲν
610 1610 768 1657 ἄλλους
795 1605 843 1649 εὗ
869 1613 1094 1661 ποιοῦντα,
1121 1608 1157 1648 εἰ
1178 1606 1315 1660 μηδὲν
1335 1606 1453 1658 ἄλλο,

105 1678 337 1734 ἐξαπατᾶν,
367 1681 472 1732 ὑμῖν
499 1677 536 1720 δ’
568 1679 763 1721 ἀπειλεῖν
789 1679 889 1732 ἤδη,
922 1672 1018 1720 οἷον
1048 1679 1288 1726 Θετταλοὺς
1314 1677 1453 1718 πολλὰ

106 1751 210 1800 δοὺς
240 1750 481 1804 ὑπηγάγετ’
516 1752 576 1800 εἰς
607 1751 687 1804 τὴν
719 1756 804 1791 νῦν
834 1754 1064 1803 παροῦσαν
1096 1749 1318 1790 δουλείαν·
1351 1746 1454 1789 οὐδ’

106 1820 160 1863 ἂν
186 1823 324 1863 εἰπεῖν
357 1819 523 1862 δύναιτ’
562 1821 705 1870 οὐδεὶς
739 1821 818 1861 ὅσα
849 1821 951 1869 τοὺς
982 1819 1283 1872 ταλαιπώρους
1305 1818 1454 1859 Ὀλυν-

54 1909 86 1934 25
106 1893 235 1941 θίους
260 1893 474 1946 πρότερον
507 1893 610 1940 δοὺς
638 1891 905 1932 Ποτείδαιαν
938 1888 1202 1944 ἐξηπάτησεν
1228 1890 1299 1931 καὶ
1325 1888 1448 1930 πόλλ’

107 1961 248 2016 ἕτερα·
279 1964 496 2016 Θηβαίους
522 1968 607 2003 νῦν
632 1962 789 2015 ὑπάγει
814 1962 895 2015 τὴν
914 1962 1130 2002 Βοιωτίαν
1151 1960 1297 2009 αὐτοῖς
1318 1975 1454 2013 παρα-

109 2034 212 2082 δοὺς
237 2034 309 2074 καὶ
335 2032 580 2083 ἀπαλλάξας
605 2032 796 2084 πολέμου
823 2035 988 2073 πολλοῦ
1014 2032 1085 2073 καὶ
1111 2034 1319 2086 χαλεποῦ·
1345 2030 1455 2071 ὥστε

108 2103 442 2158 καρπωσάμενοί
473 2102 554 2145 τιν’
600 2102 772 2144 ἔκαστοι
807 2102 974 2144 τούτων
1009 2100 1265 2151 πλεονεξίαν
1300 2102 1339 2142 οἱ
1375 2101 1454 2153 μὲν

109 2175 191 2228 ἤδη
223 2175 501 2217 πεπόνθασιν
534 2174 559 2215 ἃ
592 2175 644 2227 δὴ
677 2173 833 2222 πάντες
866 2173 1031 2227 ἴσασιν,
1063 2174 1102 2214 οἱ
1136 2173 1182 2213 δ’
1216 2173 1321 2213 ὅταν
1351 2172 1454 2213 ποτὲ

55 2263 89 2288 ³0
110 2248 252 2301 συμβῇ
277 2246 512 2287 πείσονται.
545 2245 665 2297 ὑμεῖς
692 2244 738 2285 δ’
767 2240 828 2285 ὧν
854 2244 933 2296 μὲν
953 2243 1264 2297 ἀπεστέρησθε,
1290 2249 1452 2283 σιωπῶ·

1476 695 1519 726 60

1477 1193 1517 1225 61

1479 1475 1523 1507 62

1481 1970 1523 2001 63
