1689 2531
193 86 212 125 1
221 84 278 123 24
676 80 1049 114 ΔΗΜΟΣΘΕΝΟΤΣ
1502 79 1545 122 [x

120 192 163 223 ‘23
189 180 478 221 καταλείπειν.
527 177 581 219 ἂν
607 177 721 220 οὕτω
747 178 955 230 ποιήσητε
980 175 1052 217 καὶ
1077 173 1193 217 τοῦτ’
1226 172 1461 229 ἐθελήσηθ’
1488 175 1544 225 ὡς

190 251 380 305 ἀληθῶς,
405 251 529 304 ἄγειν
555 250 734 303 εἰρήνην
761 248 935 289 δικαίαν
961 247 1031 288 καὶ
1051 246 1200 299 μένειν
1221 244 1290 287 ἐπὶ
1309 251 1388 288 τοῦ
1407 247 1544 287 τόπου

196 323 417 363 Φίλιππον
449 320 733 375 ἀναγκάσετε,
765 319 789 373 ἢ
823 315 1075 372 πολεμήσετ’
1114 316 1156 367 ἐξ
1190 317 1307 358 ἴσου·
1337 317 1410 358 καὶ
1443 317 1544 366 ἴσως

190 394 257 447 ἄν,
278 392 393 447 ἴσως,
412 392 558 445 ὥσπερ
578 397 664 432 νῦν
684 391 805 443 ὑμεῖς
826 389 1116 431 πυνθάνεσθε
1136 389 1179 429 τί
1196 395 1313 430 ποιεῖ
1331 389 1545 438 Φίλιππος

190 464 262 505 καὶ
288 471 364 505 ποῖ
389 463 635 517 πορεύεται,
660 462 798 511 οὕτως
826 461 880 502 ἂν
901 459 1063 510 ἐκεῖνος
1085 460 1319 514 φροντίσαι
1339 466 1416 501 ποῖ
1433 457 1538 501 ποθ’
1564 477 1580 503 5

191 535 215 589 ἡ
243 541 317 590 τῆς
343 536 508 584 πόλεως
536 534 700 588 ἀπῆρκε
728 533 912 585 δύναμις
939 532 1011 574 καὶ
1036 537 1121 573 ποῦ
1150 531 1403 584 φανήσεται.

119 618 164 649 24
250 608 305 648 Εἰ
333 605 384 648 δέ
407 621 465 662 τῳ
494 606 613 647 δοκεῖ
638 610 773 646 ταῦτα
799 604 870 645 καὶ
898 603 1092 656 δαπάνης
1119 604 1280 654 πολλῆς
1306 602 1378 642 καὶ
1397 603 1547 644 πόνων

189 681 365 719 πολλῶν
396 677 468 718 καὶ
500 676 792 730 πραγματείας
827 671 957 729 εἶναι,
994 674 1065 716 καὶ
1097 674 1193 725 μάλ’
1233 675 1379 729 ὀρθῶς
1411 674 1547 715 δοκεῖ·

191 747 282 791 ἀλλ’
315 748 392 791 ἐὰν
419 749 643 802 λογίσηται
670 747 722 789 τὰ
748 753 800 802 τῇ
826 748 950 788 πόλει
976 748 1081 798 μετὰ
1106 754 1242 789 ταῦτα
1265 746 1548 801 γενησόμενα,

191 819 268 862 ἐὰν
293 826 428 861 ταῦτα
454 820 511 873 μὴ
538 818 649 876 θέλῃ
675 825 831 871 ποιεῖν,
864 817 1037 871 εὑρήσει
1065 821 1324 860 λυσιτελοῦν
1350 817 1398 858 τὸ
1425 814 1545 857 ἑκόν-
1568 833 1602 857 ιο

189 907 264 941 τας
290 898 434 933 ποιεῖν
459 891 511 932 τὰ
539 890 706 932 δέοντα.
745 891 781 931 εἰ
808 889 888 942 μὲν
913 889 996 943 γάρ
1018 887 1111 931 ἐστί
1128 905 1192 939 τις
1213 888 1424 944 ἐγγυητὴς
1443 887 1548 939 ὑμῖν

190 967 312 1005 θεῶν
338 961 409 1018 (οὐ
436 962 519 1016 γὰρ
547 961 800 1015 ἀνθρώπων
826 958 864 1014 γ’
892 960 1036 1010 οὐδεὶς
1058 960 1112 1002 ἂν
1131 958 1291 1015 γένοιτ’
1318 958 1548 1014 ἀξιόχρεως

190 1034 449 1098 τηλικούτου
471 1032 740 1087 πράγματος)
762 1032 830 1086 ὡς,
851 1030 927 1073 ἐὰν
947 1029 1077 1086 ἄγηθ’
1109 1032 1297 1087 ἡσυχίαν
1316 1030 1387 1072 καὶ
1408 1029 1549 1071 πάντα
1570 1032 1644 1067 138

190 1108 409 1159 προῆσθε,
446 1103 527 1145 οὐκ
567 1101 629 1145 ἐπ’
668 1103 828 1152 αὐτοὺς
860 1103 971 1155 ὑμᾶς
1003 1106 1219 1144 τελευτῶν
1251 1101 1414 1150 ἐκεῖνος
1446 1099 1549 1155 ἥξει,

121 1189 163 1220 25
192 1177 375 1231 αἰσχρὸν
407 1176 487 1228 μὲν
518 1176 573 1229 νὴ
606 1175 684 1216 τὸν
709 1176 798 1216 Δία
824 1174 896 1215 καὶ
922 1173 1085 1222 πάντας
1112 1174 1246 1222 θεοὺς
1272 1172 1344 1214 καὶ
1370 1171 1550 1222 ἀνάξιον
1570 1188 1603 1214 15

190 1247 314 1300 ὑμῶν
346 1248 418 1288 καὶ
450 1254 538 1288 τῶν
569 1246 859 1301 ὑπαρχόντων
891 1252 942 1301 τῇ
974 1246 1097 1286 πόλει
1130 1245 1201 1286 καὶ
1234 1242 1550 1298 πεπραγμένων

190 1326 280 1368 τοῖς
313 1320 566 1373 προγόνοις,
598 1323 672 1371 τῆς
707 1318 819 1366 ἰδίας
852 1316 1071 1373 ῥᾳθυμίας
1106 1315 1232 1357 ἕνεκα
1262 1316 1365 1365 τοὺς
1391 1315 1550 1363 ἄλλους

192 1391 383 1439 ἅπαντας
395 1387 607 1444 Ἕλληνας
629 1390 689 1438 εἰς
711 1389 917 1430 δουλείαν
937 1386 1167 1442 προέσθαι,
1182 1387 1253 1428 καὶ
1274 1383 1399 1440 ἔγωγ’
1420 1385 1550 1435 αὐτὸς

191 1462 271 1514 μὲν
303 1461 516 1503 τεθνάναι
548 1463 715 1513 μᾶλλον
748 1458 803 1500 ἂν
834 1458 860 1512 ἢ
893 1456 1012 1500 ταῦτ’
1044 1458 1262 1513 εἰρηκέναι
1288 1458 1550 1511 βουλοίμην·

121 1545 164 1575 26
193 1533 244 1574 οὐ
266 1533 352 1587 μὴν
372 1531 460 1574 ἀλλ’
492 1532 531 1574 εἴ
554 1548 618 1581 τις
645 1532 773 1580 ἄλλος
802 1529 916 1584 λέγει
942 1530 1014 1571 καὶ
1040 1529 1150 1582 ὑμᾶς
1170 1531 1329 1582 πείθει,
1348 1526 1470 1582 ἔστω,
1491 1528 1548 1582 μὴ
1569 1544 1603 1570 20

193 1603 436 1657 ἀμύνεσθε,
475 1603 643 1644 ἅπαντα
681 1603 886 1656 πρόεσθε.
937 1602 973 1643 εἰ
1009 1601 1056 1642 δὲ
1082 1601 1237 1655 μηδενὶ
1263 1605 1392 1641 τοῦτο
1420 1599 1551 1654 δοκεῖ,

193 1674 456 1717 τούναντίον
491 1675 538 1716 δὲ
570 1675 783 1729 πρόϊσμεν
810 1674 994 1722 ἅπαντες
1023 1673 1100 1727 ὅτι,
1133 1673 1219 1728 ὅσῳ
1254 1671 1308 1713 ἂν
1333 1671 1551 1712 πλειόνων

195 1744 390 1798 ἐάσωμεν
418 1744 588 1787 ἐκεῖνον
619 1744 829 1799 γενέσθαι
856 1744 1025 1798 κύριον,
1050 1743 1244 1799 τοσούτῳ
1269 1740 1550 1797 χαλεπωτέρῳ

194 1818 265 1860 καὶ
293 1817 558 1873 ἰσχυροτέρῳ
585 1813 820 1872 χρησόμεθ’
855 1814 1009 1871 ἐχθρῷ,
1034 1821 1109 1856 ποῖ
1134 1813 1433 1867 ἀναδυόμεθα,
1457 1811 1482 1866 ἢ
1509 1813 1553 1853 τί

195 1889 427 1943 μέλλομεν;
466 1888 490 1942 ἢ
524 1885 616 1929 πότ’
650 1884 682 1928 ὦ
717 1888 873 1940 ἄνδρες
892 1884 1116 1940 Ἀθηναῖοι
1147 1886 1200 1927 τὰ
1227 1884 1383 1926 δέοντα
1408 1889 1552 1925 ποιεῖν
1571 1899 1604 1926 25

125 1973 167 2003 27
196 1960 484 2014 ἐθελήσομενς
509 1960 642 2014 ,,ὅταν
661 1959 715 2012 νὴ
737 1956 815 2000 Δί’
843 1957 1083 2012 ἀναγκαῖον
1102 1951 1164 2015 ᾗ.“
1203 1954 1294 1998 ἀλλ’
1320 1956 1376 2010 ἣν
1395 1955 1476 2008 μὲν
1498 1954 1553 1995 ἄν

194 2049 258 2082 τις
286 2030 535 2085 ἐλευθέρων
562 2030 813 2083 ἀνθρώπων
840 2029 1035 2083 ἀνάγκην
1062 2028 1194 2082 εἴποι,
1227 2027 1279 2070 οὐ
1305 2028 1444 2080 μόνον
1469 2026 1551 2079 ἤδη

195 2104 417 2158 πάρεστιν,
443 2102 553 2143 ἀλλὰ
578 2102 649 2143 καὶ
675 2101 807 2143 πάλαι
834 2101 1153 2155 παρελήλυθεν,
1175 2100 1255 2153 τὴν
1275 2099 1322 2140 δὲ
1342 2105 1431 2140 τῶν
1451 2098 1553 2140 δού-

197 2178 285 2216 λων
325 2173 595 2228 ἀπεύχεσθαι
632 2173 772 2226 δήπου
807 2172 864 2226 μ.ὴ
896 2170 1106 2226 γενέσθαι
1140 2171 1216 2212 δεῖ.
1268 2169 1468 2224 διαφέρει
1506 2169 1554 2211 δὲ

197 2248 256 2297 τί;
297 2246 362 2287 ὅτι
399 2243 518 2286 ἐστὶν
550 2243 770 2301 ἐλευθέρῳ
803 2243 883 2296 μὲν
915 2242 1136 2299 ἀνθρώπω
1169 2243 1349 2296 μεγίστη
1388 2239 1554 2294 ἀνάγκη
1575 2255 1608 2281 so

1664 667 1668 678 ¹
1676 661 1677 690 1

1663 383 1667 390 “

1666 729 1689 809 21

1675 869 1678 897 ε

1676 940 1679 984 3

1675 997 1680 1074 ἐξ
