1689 2531
156 67 213 112 vx]
595 67 721 99 ΚΑΤΑ
747 67 1000 99 ΦΙΛΙΠΠΟΤ
1025 68 1054 99 Β
1443 66 1498 107 65

212 166 340 217 ,,Πῶς
365 162 448 216 γὰρ
477 160 658 217 οἰέσθ’“,
690 160 815 216 ἔφην,
847 159 904 216 ,,ὦ
936 162 1091 215 ἄνδρες
1118 163 1367 215 ΛΙεσσήνιοι
1394 163 1498 203 δυσ-
1525 175 1568 206 20

153 240 287 288 χερῶς
307 232 485 274 ἀκούειν
504 230 781 287 Ὀλυνθίους,
804 233 844 274 εἴ
861 233 924 281 τίς
943 248 984 274 τι
1006 232 1124 286 λέγοι
1144 232 1251 274 κατὰ
1276 233 1496 274 Φιλίππου

152 302 242 345 κατ’
269 303 462 353 ἐκείνους
482 305 584 353 τοὺς
604 305 803 358 χρόνους,
829 302 888 345 ὅτ’
915 301 1218 356 Ἀνθεμοῦντα
1243 303 1323 356 μὲν
1349 303 1497 354 αὐτοῖς

152 374 284 430 ἀφίει,
307 372 357 429 ἧς
383 375 540 424 πάντες
566 376 606 416 οἱ
627 376 842 430 πρότερον
861 375 1142 424 [Μακεδονίας
1161 376 1354 428 βασιλεῖς
1375 374 1496 416 ἀντε-

116 463 131 488 5
151 451 373 500 ποιοῦντο,
387 447 656 487 Ποτείδαιαν
676 443 713 487 δ’
735 444 882 487 ἐδίδου
897 447 999 495 τοὺς
1011 443 1256 499 Ἀθηναίων
1270 444 1493 502 ἀποίκουςῙ

82 521 128 555 71
151 515 386 571 ἐκβάλλων,
410 517 482 558 καὶ
501 517 581 571 τὴν
601 517 680 569 μὲν
700 515 867 571 ἔχθραν
886 517 966 571 τὴν
985 517 1092 570 πρὸς
1113 517 1221 570 ἡμᾶς
1242 516 1371 566 αὐτὸς
1391 515 1495 576 ἀνῄ-

151 603 268 642 ρητο,
299 588 380 642 τὴν
405 588 552 642 χώραν
578 585 615 629 δ’
648 586 829 637 ἐκείνοις
856 586 1056 629 ἐδεδώκει
1082 591 1382 641 καρποῦσθαι;
1412 585 1495 642 ἆρα

149 659 401 711 προσδοκᾶν
415 658 574 708 αὐτοὺς
589 664 767 700 τοιαῦτα
782 660 1026 713 πείσεσθαι,
1044 658 1070 712 ἢ
1086 657 1289 712 λέγοντος
1305 659 1359 699 ἄν
1376 674 1494 709 τινος

149 735 378 771 πιστεῦσαι
405 729 612 784 [οἳεσθε];
639 727 730 771 ἀλλ’
758 730 907 783 ὅμωςίί,
933 727 1045 783 ἔφην
1066 727 1162 783 ἐγώ,
1186 730 1369 783 ,,μικρὸν
1394 731 1494 784 χρό-
1521 744 1563 774 21

97 817 130 842 ιο
149 817 230 842 νον
255 801 336 854 τὴν
361 799 596 854 ἀλλοτρίαν
621 801 954 854 καρπωσάμενοι
978 802 1120 842 πολὺν
1145 806 1219 853 τῆς
1245 800 1391 841 αὐτῶν
1417 798 1488 841 ὑπ’

150 869 319 913 ἐκείνου
347 871 586 925 στέρονται,
618 872 804 925 αἰσχρῶς
832 870 1096 924 ἐκπεσόντες,
1126 871 1177 912 οὐ
1204 871 1494 925 κρατηθέντες

148 943 299 996 μόνον,
312 941 421 983 ἀλλὰ
435 942 505 983 καὶ
520 942 814 997 προδοθέντες
836 940 905 983 ὑπ’
926 941 1126 996 ἀλλήλων
1142 942 1213 983 καὶ
1233 942 1494 995 πραθέντες·

149 1012 201 1055 οὐ
227 1014 310 1067 γὰρ
338 1012 547 1067 ἀσφαλεῖς
567 1020 659 1062 ταῖς
679 1014 915 1062 πολιτείαις
936 1014 978 1054 αἱ
999 1014 1106 1067 πρὸς
1127 1015 1227 1062 τοὺς
1248 1013 1493 1067 τυράννους

149 1081 276 1125 αὗται
297 1085 396 1125 λίαν
416 1083 591 1136 ὁμιλίαι.
626 1085 669 1124 τί
688 1081 725 1125 δ’
752 1085 791 1125 οἱ
817 1085 1042 1135 Θετταλοί,
1068 1081 1133 1138 ἀρ’
1160 1083 1343 1138 οἴεσθ’,ιι
1368 1082 1494 1138 ἔφην,
1521 1097 1563 1127 22

93 1172 126 1197 15
146 1153 231 1209 „6v'
258 1155 405 1204 αὐτοῖς
431 1156 532 1203 τοὺς
558 1155 803 1208 τυράννους
831 1153 1032 1208 ἐξέβαλεν
1057 1155 1128 1196 καὶ
1148 1155 1281 1196 πάλιν
1300 1157 1494 1197 Νίκαιαν

147 1226 219 1267 καὶ
242 1227 510 1280 Μαγνησίαν
538 1225 699 1279 ἐδίδου,
725 1227 977 1279 προσδοκᾶν
1002 1226 1082 1280 τὴν
1102 1229 1388 1267 καθεστῶσαν
1408 1232 1493 1267 νῦν

148 1297 438 1351 δεκαδαρχίαν
469 1295 650 1338 ἔσεσθαι
682 1296 784 1350 παρ’
814 1297 979 1348 αὐτοῖς;
1014 1296 1039 1350 ἢ
1076 1298 1153 1338 τὸν
1188 1297 1268 1351 τὴν
1302 1298 1493 1338 πυλαίαν

147 1367 381 1422 ἀποδόντα,
411 1374 571 1409 τοῦτον
596 1368 670 1417 τὰς
699 1369 810 1417 ἰδίας
837 1368 982 1409 αὐτῶν
1008 1368 1254 1422 προσόδους
1282 1370 1493 1421 παραιρή-

147 1442 324 1489 σεσθαι;
360 1439 440 1480 οὐκ
473 1436 564 1480 ἔστι
599 1445 745 1480 ταῦτα.
790 1439 898 1479 ἀλλὰ
933 1440 1019 1492 μὴν
1056 1438 1210 1492 γέγονε
1247 1445 1382 1480 ταῦτα
1420 1439 1491 1480 καὶ

93 1526 127 1551 20
146 1515 280 1551 πᾶσιν
306 1508 426 1551 ἔστιν
453 1509 627 1551 εἰδέναι.
665 1509 786 1561 ὑμεῖς
815 1508 894 1563 ὸ’“,
919 1507 1032 1563 ἔφην
1059 1508 1155 1563 ἐγώ,
1179 1510 1386 1563 ,,διδόντα
1411 1509 1491 1562 μὲν
1520 1522 1562 1553 23

144 1581 216 1622 καὶ
240 1581 594 1635 ὑπισχνούμενον
620 1584 827 1634 θεωρεῖτε
859 1582 1090 1634 Φίλιππον,
1123 1579 1414 1634 ἐξηπατηκότα
1448 1578 1485 1621 δ’

143 1652 227 1705 ἤδη
253 1652 323 1693 καὶ
350 1651 761 1706 παρακεκρουμένον
788 1651 1045 1705 ἀπεύχεσθε,
1071 1653 1107 1693 εἰ
1129 1659 1397 1706 σωφρονεῖτε
1425 1652 1492 1705 δή,

145 1723 268 1764 ἰδεῖν.
301 1720 391 1763 ἔστι
411 1723 564 1764 τοίνυν
584 1723 638 1775 νὴ
659 1722 784 1775 Δίαίί,
803 1720 916 1775 ἔφην
938 1720 1033 1776 ἐγώ,
1057 1723 1338 1776 »παντοδαπὰ
1358 1722 1490 1776 ηὑρη-

144 1793 253 1845 μένα
278 1799 370 1842 ταῐς
395 1793 547 1834 πόλεσι
573 1793 679 1846 πρὸς
707 1793 909 1846 φυλακὴν
934 1793 1005 1833 καὶ
1032 1795 1263 1848 σωτηρίαν,
1295 1787 1390 1834 οἷον
1417 1810 1489 1847 χα-

91 1880 124 1906 25
145 1864 374 1917 ρακώματα
401 1863 471 1904 καὶ
497 1865 613 1917 τείχη
640 1864 710 1904 καὶ
740 1863 900 1916 τάφροι
932 1864 1003 1904 καὶ
1035 1863 1153 1904 τᾶλλ’
1187 1865 1266 1905 ὅσα
1299 1870 1488 1905 τοιαῦτα.

144 1935 215 1976 καὶ
249 1940 384 1976 ταῦτα
419 1933 498 1986 μέν
531 1933 649 1975 ἐστιν
682 1935 850 1975 ἅπαντα
882 1935 1158 1989 χειροποίητα
1191 1936 1261 1976 καὶ
1294 1935 1488 1988 δαπάνης
1516 1947 1559 1978 ‘24

144 2006 414 2059 προσδεῖται·
441 2004 488 2046 ἓν
515 2004 566 2046 δέ
589 2021 628 2046 τι
650 2006 801 2046 κοινὸν
821 2005 847 2058 ἡ
869 2005 1000 2058 φύσις
1020 2013 1107 2046 τῶν
1129 2003 1176 2047 εὗ
1199 2005 1489 2059 φρονούντων

145 2074 192 2117 ἐν
219 2076 327 2131 αὐτῇ
352 2075 550 2129 κέκτηται
578 2078 889 2129 φυλακτήριον,
915 2076 937 2117 ὃ
964 2082 1069 2117 πᾶσι
1095 2076 1174 2128 μέν
1202 2075 1282 2117 ἐστ’
1315 2075 1488 2129 ἀγαθὸν

143 2147 214 2187 καὶ
236 2149 463 2201 σωτήριον,
488 2146 673 2198 μάλιστα
694 2147 741 2187 δὲ
761 2153 850 2195 τοῖς
871 2149 1059 2200 πλήθεσι
1080 2148 1187 2200 πρὸς
1207 2148 1308 2195 τοὺς
1329 2147 1488 2200 τυράν-

90 2233 124 2258 30
143 2232 258 2266 νους.
302 2219 346 2258 τί
381 2214 463 2258 οὖν
499 2215 588 2258 ἐστι
623 2223 772 2268 το’ῦτο;
807 2216 995 2259 ἀπιστία.
1038 2218 1201 2271 ταύτην
1238 2218 1488 2271 φυλάττετε,

214 2293 386 2324 Dsnosnz,
398 2293 464 2318 Vol.
475 2293 489 2317 1
1277 2300 1296 2320 O
