1689 2531
141 640 161 668 w

48 1479 181 1505 Prooem.

90 1515 147 1540 XV

149 2130 170 2159 4

191 104 247 145 26
676 102 1050 136 ΔΗΜΟΣΘΕΝΟΤΣ
1470 99 1538 145 [m

189 202 290 249 τοὺς
325 201 481 254 λόγους
509 198 584 248 οὓς
612 197 774 240 ἀκούω·
806 199 908 246 τοὺς
934 197 1014 249 μὲν
1040 197 1122 250 γὰρ
1151 196 1307 249 λόγους
1333 195 1433 249 περὶ
1457 201 1536 237 τοῦ

190 273 523 325 τιμωρήσασθαι
555 270 776 311 Φίλιππον
802 268 888 322 ὁρῶ
916 267 1224 322 γιγνομένους,
1249 267 1302 308 τὰ
1328 266 1376 308 δὲ
1401 266 1538 321 πράγ-

189 339 283 395 ματ’
317 343 376 391 εἰς
402 347 532 382 τοῦτο
559 341 821 393 προήκοντα,
846 335 956 380 ὥσθ’
985 338 1099 387 ὅπως
1125 339 1181 392 μὴ
1209 334 1428 389 πεισόμεθ’
1462 336 1538 378 αὐ-

189 413 256 454 τοὶ
288 413 504 465 πρότερον
535 417 675 459 κακῶς
709 409 956 459 σκέψασθαι
990 408 1103 450 δέον.
1155 407 1287 450 οὐδὲν
1319 405 1401 449 οὖν
1433 408 1538 449 ἄλλο

190 500 262 536 μοι
296 484 506 524 δοκοῦσιν
538 483 578 523 οἱ
611 482 663 522 τὰ
695 487 875 522 τοιαῦτα
908 480 1106 534 λέγοντες
1138 478 1164 532 ἣ
1197 479 1278 533 τὴν
1308 479 1541 533 ὑπόθεσιν,

189 555 288 608 περὶ
319 552 368 608 ἧς
401 553 692 607 βουλεύεσθε,
723 551 821 606 οὐχὶ
853 552 932 605 τὴν
959 548 1099 592 οὖσαν
1124 549 1409 603 παριστάντες
1435 549 1541 602 ὑμῖν

191 626 466 679 ἁμαρτάνειν.
512 623 594 678 ἐγὼ
623 621 678 677 δ’,
711 624 776 664 ὅτι
808 622 887 675 μέν
913 619 1007 664 ποτ’
1040 620 1141 675 ἐξῆν
1166 627 1217 676 τῇ
1243 622 1367 662 πόλει
1392 621 1465 662 καὶ
1489 620 1541 661 τὰ

190 697 321 750 αὑτῆς
353 694 469 750 ἔχειν
502 695 707 749 ἀσφαλῶς
733 694 804 735 καὶ
837 695 1057 735 Φίλιππον
1083 694 1440 746 τιμωρήσασθαι,
1470 692 1541 733 καὶ

189 765 286 820 μάλ’
314 766 502 819 ἀκριβῶς
530 761 645 807 οἶδα·
673 763 736 806 ἐπ’
771 763 875 816 ἐμοῦ
896 763 992 818 γάρ,
1018 763 1070 804 οὐ
1091 763 1224 804 πάλαι
1243 762 1397 816 γέγονε
1417 760 1535 803 ταῦτ’

190 838 432 892 ἀμφότερα·
453 843 538 878 νῦν
557 836 705 889 μέντοι
726 835 958 887 πέπεισμαι
978 833 1105 876 τοῦθ’
1128 834 1281 875 ἱκανὸν
1301 834 1540 887 προλαβεῖν

190 911 214 963 ἡ
230 917 306 962 μῐν
333 905 445 950 εἶναι
472 909 552 962 τὴν
572 907 761 960 πρώτην,
788 906 902 955 ὅπως
928 907 1030 954 τοὺς
1059 905 1309 959 συμμάχους
1331 904 1540 956 σώσομεν.
1562 911 1571 924 “

189 979 266 1022 ἐὰν
292 981 374 1034 γὰρ
402 985 531 1020 τοῦτο
558 979 746 1031 βεβαίως
773 975 961 1033 ὑπάρξῃ,
993 977 1089 1017 τότε
1115 976 1186 1016 καὶ
1213 975 1313 1029 περὶ
1338 980 1417 1016 τοῦ
1444 976 1542 1016 τίνα

189 1051 479 1105 τιμωρήσεταί
502 1065 566 1099 τις
592 1049 660 1089 καὶ
690 1048 742 1089 ὃν
768 1048 933 1101 τρόπον
960 1045 1126 1096 ἐξέσται
1147 1053 1344 1088 σκοπεῖν·
1369 1045 1475 1100 πρὶν
1495 1044 1543 1086 δὲ

190 1124 270 1178 τὴν
297 1122 434 1176 ἀρχὴν
462 1121 608 1173 ὀρθῶς
635 1119 903 1173 ὑποθέσθαι,
929 1118 1114 1170 μάταιον
1140 1117 1329 1171 ἡγοῦμαι
1349 1117 1448 1171 περὶ
1468 1123 1543 1170 τῆς

190 1198 390 1246 τελευτῆς
418 1192 626 1233 ὁντινοῦν
653 1194 878 1232 ποιεῖσθαι
906 1191 1050 1243 λόγον.

243 1263 291 1307 Ὁ
323 1265 403 1316 μὲν
436 1260 518 1305 οὖν
550 1262 703 1315 παρὼν
735 1262 897 1315 καιρός,
930 1260 1048 1313 εἴπερ
1077 1258 1192 1312 ποτέ,
1218 1259 1380 1313 πολλὴς
1408 1274 1545 1313 φρον-

191 1337 308 1385 τίδος
341 1335 412 1376 καὶ
438 1337 600 1388 βουλῆς
628 1334 784 1374 δεῖται·
819 1330 900 1386 ἐγὼ
929 1330 966 1372 δ’
1000 1331 1079 1385 οὐχ
1108 1331 1129 1372 ὅ
1156 1346 1198 1371 τι
1225 1330 1305 1385 χρὴ
1332 1329 1432 1384 περὶ
1456 1336 1544 1370 τῶν

191 1408 423 1459 παρόντων
468 1406 796 1458 συμβουλεῦσαι
840 1402 1145 1458 χαλεπώτατον
1188 1401 1395 1455 ἡγοῦμαι,
1446 1397 1538 1441 ἀλλ’

196 1475 322 1520 ἐκεῖν’
355 1477 517 1530 ἀπορῶ,
543 1477 641 1517 τίνα
668 1475 747 1529 χρὴ
774 1475 939 1527 τρόπον
965 1470 997 1514 ὦ
1025 1470 1417 1525 ἄνδρεςᾎθηναῐοι
1437 1471 1544 1524 πρὸς

192 1550 301 1601 ὑμᾶς
328 1548 425 1600 περὶ
447 1546 592 1588 αὐτῶν
613 1547 762 1587 εἰπεῖν.
801 1544 1031 1596 πέπεισμαι
1052 1544 1133 1597 γὰρ
1156 1541 1197 1593 ἐξ
1219 1539 1281 1584 ὧν
1302 1543 1454 1597 παρὼν
1473 1542 1543 1583 καὶ

192 1620 365 1662 ἁκούων
399 1618 602 1671 σύνοιδα,
633 1617 685 1657 τὰ
721 1617 853 1657 πλείω
881 1622 969 1656 τῶν
995 1614 1262 1668 πραγμάτων
1288 1614 1397 1667 ἡμᾶς
1424 1611 1545 1654 ἐκπε-

193 1689 402 1746 φευγέναι
440 1694 498 1745 τῷ
532 1689 588 1741 μὴ
621 1687 865 1741 βούλεσθαι
897 1686 949 1726 τὰ
982 1684 1138 1726 δέοντα
1169 1691 1313 1726 ποιεῖν
1344 1683 1370 1738 ἣ
1402 1687 1460 1741 τῷ
1487 1684 1544 1738 μὴ

193 1761 402 1803 συνιέναι.
442 1759 545 1809 ἀξιῶ
567 1756 603 1800 δ’
630 1758 753 1812 ὑμᾶς,
774 1757 828 1798 ἂν
847 1757 953 1809 μετὰ
973 1757 1214 1810 παρρησίας
1235 1762 1424 1807 ποιῶμαι
1443 1755 1544 1803 τοὺς

194 1834 370 1887 λόγους,
396 1830 652 1883 ὑπομένειν,
676 1834 806 1870 τοῦτο
833 1832 1134 1881 θεωροῦντας,
1161 1827 1197 1867 εἰ
1224 1825 1394 1879 τάληθῆ
1422 1824 1545 1879 λέγω,

193 1904 264 1945 καὶ
291 1903 362 1944 διὰ
388 1899 533 1955 τοῦθ’,
558 1901 631 1941 ἵνα
657 1900 708 1940 τὰ
735 1899 865 1941 λοιπὰ
890 1899 1044 1951 βελτίω
1072 1897 1267 1951 γένηται·
1294 1896 1422 1949 ὁρᾶτε
1446 1896 1543 1949 γάρ,

194 1976 249 2024 ὡς
282 1973 328 2016 ἐκ
359 1979 437 2015 τοῦ
470 1973 577 2025 πρὸς
610 1971 739 2025 χάριν
773 1972 1039 2024 δημηγορεῖν
1066 1967 1211 2018 ἐνίους
1238 1969 1298 2017 εἰς
1325 1972 1413 2008 πᾶν
1439 1981 1545 2019 προ-

195 2047 384 2099 ελήλυθε
410 2044 653 2098 μοχθηρίας
679 2042 732 2083 τὰ
758 2042 966 2095 παρόντα.

246 2115 502 2170 Ἀναγκαῖον
544 2111 580 2154 δ’
622 2112 918 2165 ὑπολαμβάνω
954 2111 1085 2165 μικρὰ
1121 2117 1208 2151 τῶν
1243 2107 1546 2163 γεγενημένων

197 2195 371 2241 πρῶτον
398 2186 507 2239 ὑμᾶς
534 2185 796 2237 ὑπομνῆσαι.
823 2179 1039 2236 μέμνησθ’
1073 2178 1104 2222 ὦ
1133 2181 1290 2235 ἄνδρες
1307 2177 1546 2232 Ἀθηναῖοι,

198 2257 257 2300 ὅτ’
286 2257 541 2312 ἀπηγγέλθη
567 2256 781 2304 Φίλιππος
806 2253 912 2306 ὑμῖν
939 2252 986 2294 ἐν
1005 2251 1165 2309 Θρᾴκῃ,
1184 2252 1334 2305 τρίτον
1352 2249 1378 2304 ἣ
1399 2248 1546 2301 τέταρ-

1563 1203 1594 1229 15

1565 1558 1598 1582 20

1565 1911 1596 1937 25

1565 2266 1598 2291 30
