1689 2531
136 59 164 103 ι]
616 59 940 92 οΛΤΝΘΙΑΚοΣ
965 55 996 89 A
1427 56 1478 97 13

137 154 218 208 μὲν
242 151 325 196 οὖν
349 160 485 196 ταῦτα
509 161 601 204 τοῖς
625 153 985 209 στρατευομένοις
1010 153 1272 207 ἀποδώσετε,
1298 153 1481 203 οὐδενὸς

137 227 243 280 ὑμῖν
266 226 451 276 προσδεῖ
474 227 629 277 πόρου,
655 226 693 267 εἰ
713 225 762 267 δὲ
780 227 852 279 μή,
876 225 1075 278 προσδεῖ,
1099 228 1268 278 μᾶλλον
1286 224 1325 266 δ’
1345 226 1481 267 ἅπαν-

882 297 908 318 “
939 297 994 337 ἄν
1020 311 1084 345 τις
1110 301 1240 349 εἴποι,
1265 298 1350 350 ,,σὺ
1377 295 1481 351 γρά-

137 314 211 348 τος
236 297 352 339 ἐνδεῖ
376 302 455 338 τοῦ
481 298 633 351 πόρου.
678 300 751 350 ,,τι’
773 292 873 347 οὗν;

136 384 235 423 φεις
259 364 378 409 ταῦτ’
406 364 520 409 εἶναι
546 367 885 420 στρατιωτικά;“
916 367 973 419 μὰ
999 363 1077 408 Δί’
1104 367 1184 408 οὐκ
1211 369 1357 421 ἔγωγε.
1396 367 1480 421 ἐγὼ

101 459 116 485 5
137 439 217 494 μὲν
242 439 324 492 γὰρ
351 438 542 492 ἡγοῦμαι
568 439 834 491 στρατιώτας
859 439 955 479 δεῖν
981 443 1391 493 κατασκευασθῆναι
1410 440 1482 481 καὶ

135 509 256 552 ταῦτ’
287 506 400 551 εἶναι
439 509 740 563 στρατιωτικά,
777 508 848 550 καὶ
881 510 985 561 μίαν
1017 509 1226 559 σύνταξιν
1257 506 1369 551 εἶναι
1402 511 1483 564 τὴν

136 581 274 635 αὐτὴν
298 586 378 622 τοῦ
404 595 449 621 τε
474 580 715 633 λαμβάνειν
734 580 806 621 καὶ
826 585 906 621 τοῦ
925 587 1070 621 ποιεῖν
1088 580 1141 621 τὰ
1161 580 1331 633 δεόντα,
1358 580 1481 635 ὑμεῖς

23 705 24 708 ¹
137 651 175 694 δ’
202 652 315 695 οὕτω
342 666 433 701 πως
460 652 567 692 ἄνευ
592 651 859 705 πραγμάτων
882 652 1122 705 λαμβάνειν
1143 652 1203 701 εἰς
1222 652 1297 700 τὰς
1319 651 1481 706 ἑορτάς,

23 746 24 751 =
67 728 115 764 15
136 721 227 765 ἔστι
253 724 306 777 δὴ
327 722 330 778 1
348 723 506 765 λοιπὸν
526 718 644 776 οἶμαι
663 723 828 771 πάντας
854 722 1092 777 εἰσφέρειν,
1118 722 1173 763 ἂν
1192 726 1369 764 πολλῶν
1392 723 1481 779 δέῃ,

84 813 117 838 ιο
136 794 296 847 πολλά,
329 792 384 834 ἂν
416 793 592 846 ὀλίγων,
625 793 761 846 ὀλίγα.
812 794 880 834 δεῖ
912 791 959 834 δὲ
994 794 1237 847 χρημάτων,
1272 793 1343 835 καὶ
1376 795 1481 836 ἄνευ

134 865 304 907 τούτων
330 864 459 906 οὐδὲν
487 861 580 905 ἔστι
607 864 816 917 γενέσθαι
846 871 934 906 τῶν
967 865 1170 906 δεόντων.
1222 864 1399 919 λέγουσι
1434 864 1481 907 δὲ

134 936 204 978 καὶ
237 937 398 985 ἄλλους
429 936 550 984 τινὰς
584 936 708 976 ἄλλοι
739 937 922 989 πόρους,
956 931 1018 976 ὧν
1049 933 1194 977 ἕλεσθ’
1227 936 1344 985 ὅστις
1376 936 1482 989 ὑμῖν

135 1006 379 1062 συμφέρειν
405 1007 542 1047 δοκεῖ·
569 1006 641 1047 καὶ
667 1004 747 1055 ἕως
774 1005 864 1047 ἐστὶ
889 1007 1053 1059 καιρός,
1080 1006 1371 1060 ἀντιλάβεσθε
1393 1015 1482 1049 τῶν

135 1078 415 1132 πραγμάτων.

82 1166 114 1192 15
189 1145 337 1198 ’Ἀξιον
370 1147 407 1189 δ’
446 1147 756 1202 ἐνθυμηθῆναι
788 1147 859 1189 καὶ
893 1151 1156 1202 λογίσασθαι
1185 1149 1237 1189 τὰ
1262 1148 1475 1203 πράγματ’

136 1217 184 1260 ἐν
210 1213 245 1275 ᾦ
270 1218 512 1272 καθέστηκε
538 1217 641 1260 νυνὶ
667 1220 718 1260 τὰ
751 1221 984 1260 Φιλίππου.
1027 1220 1127 1260 οὔτε
1154 1220 1250 1272 γάρ,
1278 1220 1336 1269 ὡς
1361 1221 1482 1261 δοκεῖ

135 1288 206 1331 καὶ
239 1289 396 1344 φήσειέ
425 1305 490 1339 τις
516 1288 571 1330 ἂν
597 1291 653 1344 μὴ
681 1297 858 1331 σκοπῶν
890 1289 1098 1343 ἀκριβῶς,
1131 1290 1349 1343 εὐτρεπῶς
1381 1290 1476 1332 οὐδ’

136 1361 194 1410 ὡς
220 1359 275 1402 ἄν
299 1359 493 1402 κάλλιστ’
526 1360 642 1417 αὐτῷ
664 1361 716 1402 τὰ
742 1359 921 1412 παρόντ’
954 1359 1054 1415 ἔχει,
1083 1359 1173 1402 οὔτ’
1200 1361 1255 1402 ἂν
1282 1361 1481 1415 ἐξήνεγκε

135 1431 214 1473 τὸν
251 1433 444 1485 πόλεμόν
480 1446 585 1472 ποτε
623 1438 783 1472 τοῦτον
822 1430 1005 1481 ἐκεῖνος,
1044 1432 1081 1473 εἰ
1116 1436 1322 1486 πολεμεῖν
1356 1431 1480 1489 ᾠήθη

81 1520 116 1544 20
136 1504 308 1555 δεήσειν
329 1502 477 1555 αὐτόν,
497 1501 589 1543 ἀλλ’
617 1502 784 1550 εὐθέως
803 1501 939 1543 ἐπιὼν
958 1503 1127 1544 ἅπαντα
1146 1501 1233 1544 τότ’
1259 1503 1406 1556 ἤλπιζε
1429 1505 1481 1544 τὰ

137 1572 350 1627 πράγματ’
371 1572 703 1627 ἀναιρήσεσθαι,
724 1568 832 1628 κᾷτα
853 1573 1116 1622 διέψευσται.
1143 1580 1271 1615 τοῦτο
1293 1574 1345 1628 δὴ
1365 1582 1481 1628 πρῶ-

136 1659 215 1685 τον
247 1644 382 1685 αὐτὸν
412 1645 610 1698 ταράττει
643 1645 759 1696 παρὰ
792 1645 971 1697 γνώμην
1003 1645 1184 1697 γεγονὸς
1215 1643 1286 1685 καὶ
1313 1647 1481 1699 πολλὴν

137 1714 335 1767 ἀθυμίαν
365 1715 481 1771 αὐτῷ
509 1715 704 1769 παρέχει,
738 1712 829 1756 εἶτα
860 1716 911 1756 τὰ
937 1722 1026 1756 τῶν
1054 1718 1295 1757 Θετταλῶν.
1345 1723 1481 1757 ταῦτα

137 1786 219 1838 γὰρ
247 1786 405 1827 ἄπιστα
430 1783 511 1839 μὲν
536 1783 592 1839 ἧν
618 1787 760 1840 δήπου
788 1786 919 1839 φύσει
945 1785 1016 1827 καὶ
1043 1785 1127 1827 αἰεὶ
1147 1792 1283 1827 πᾶσιν
1306 1786 1482 1841 ἀνθρώ-

83 1872 116 1898 25
137 1871 248 1909 ποις,
274 1857 431 1911 κομιδῇ
459 1855 517 1909 δ’,
544 1857 687 1910 ὥσπερ
715 1855 784 1910 ἦν,
811 1856 881 1898 καὶ
904 1859 993 1898 ἔστι
1013 1864 1099 1899 νῦν
1118 1858 1270 1914 τούτῳ.
1306 1859 1377 1899 καὶ
1398 1859 1478 1913 γὰρ

139 1927 346 1980 Παγασὰς
373 1926 572 1968 ἀπαιτεῖν
592 1927 727 1969 αὐτόν
747 1929 859 1969 εἰσιν
883 1927 1185 1982 ἐψηφισμένοι,
1205 1929 1276 1969 καὶ
1297 1931 1480 1982 Μαγνη-

137 1999 237 2038 σίαν
262 1999 528 2040 κεκωλύκασι
553 2001 763 2053 τειχίζειν.
814 2000 978 2052 ἤκουον
1011 1996 1048 2040 δ’
1079 1997 1220 2053 ἔγωγέ
1250 2015 1396 2053 τινων,
1424 2000 1481 2049 ὡς

136 2067 241 2109 οὐδὲ
275 2070 378 2117 τοὺς
412 2069 589 2123 λιμένας
623 2070 693 2110 καὶ
732 2071 807 2118 τὰς
845 2069 1006 2123 ἀγορὰς
1044 2072 1106 2111 ἔτι
1145 2071 1332 2112 δώσοιεν
1368 2070 1486 2127 αὐτῷ

136 2143 434 2192 καρποῦσθαι·
466 2140 518 2181 τὰ
550 2141 632 2193 γὰρ
671 2142 798 2181 κοινὰ
836 2142 887 2181 τὰ
922 2144 1152 2182 Θετταλῶν
1191 2141 1274 2182 ἀπὸ
1313 2142 1482 2182 τούτων

82 2225 116 2251 so
137 2207 228 2250 δέοι
264 2210 462 2263 διοικεῖν,
498 2211 552 2252 οὐ
590 2213 812 2253 Φίλιππον
850 2212 1100 2265 λαμβάνειν.
1152 2214 1192 2253 ει’
1228 2212 1276 2253 δὲ
1314 2213 1482 2253 τούτων

1508 381 1551 412 20

1506 1161 1548 1192 21

1508 1728 1550 1758 22
