1689 2531
740 673 842 716 XVI

349 771 546 818 ΥΠΕΡ
582 770 1222 818 ΜΕΓΑΛΟΠΟΛΙΤῼΝ

656 874 910 908 ΤΠΟΘΕΣΙΣ

162 957 249 1000 “Ovs
270 961 581 1011 Λακεδαιμόνιοι
606 960 834 1011 νικηθέντες
859 959 935 999 ὑπὸ
966 961 1153 1012 Θηβαίων
1178 959 1220 999 έν
1242 961 1458 1012 Λεύκτροις

115 1032 183 1078 τῆς
217 1027 405 1073 Βοιωτίας
443 1026 497 1072 εἰς
536 1027 725 1064 κίνδυνον
764 1024 883 1077 μέγαν
918 1024 1167 1076 κατέστησαν,
1206 1024 1458 1063 ἀποστάντων

112 1087 310 1142 Ἀρκάδων
336 1091 400 1130 καὶ
425 1090 706 1142 προσθεμένων
738 1095 818 1137 τοῖς
848 1091 1049 1140 Θηβαίοις,
1073 1087 1280 1141 Ἀθηναῖοι
1306 1090 1458 1140 σύμμα-

115 1171 174 1207 χοι
204 1157 534 1207 Λακεδαιμονίοις
566 1156 767 1208 γενόμενοι
804 1155 993 1194 διέσωσαν
1025 1155 1184 1202 αὐτούς.
1224 1155 1385 1207 ὕστερον
1418 1153 1458 1193 δὲ

80 1235 96 1261 5
116 1221 424 1272 Λακεδαιμόνιοι
443 1227 519 1259 τῶν
540 1221 738 1259 κινδύνων
759 1219 1038 1272 ἀπαλλαγέντες
1051 1219 1115 1258 καὶ
1129 1219 1328 1272 προϊόντες
1342 1219 1458 1258 πάλιν

117 1286 171 1333 εἰς
203 1286 372 1336 δύναμιν
403 1285 466 1324 ἐπὶ
492 1286 686 1337 Μεγάλην
718 1286 831 1324 πόλιν
866 1292 934 1336 τῆς
957 1282 1161 1337 Ἀρκαδίας
1186 1283 1363 1336 ἤρχοντο,
1395 1283 1459 1323 καὶ

115 1350 207 1397 τοὺς
229 1347 471 1401 Ἀθηναίους
502 1351 746 1400 παρεκάλουν
780 1349 843 1388 διὰ
869 1350 1072 1401 πρεσβείας
1098 1353 1302 1388 κοινωνεῖν
1328 1348 1460 1396 αὐτοῖς

116 1421 185 1454 τοῦ
216 1414 398 1466 πολέμου.
437 1415 667 1466 πεπόμφασι
699 1414 739 1454 δὲ
771 1414 835 1454 καὶ
868 1416 909 1454 οἱ
930 1417 1248 1466 Μεγαλοπολῖται
1282 1414 1460 1467 πρέσβεις

112 1475 308 1530 Ἀθήναζε
339 1475 651 1530 παρακαλοῦντες
683 1478 779 1531 ὑπὲρ
811 1479 951 1518 αὑτῶν.
991 1478 1010 1518 ὀ
1035 1480 1169 1518 τοίνυν
1196 1478 1460 1530 Δημοσθένης

64 1559 98 1584 10
117 1544 373 1596 συμβουλεύει
408 1545 460 1595 μὴ
494 1551 678 1596 περιορᾶν
705 1544 980 1595 ἀναιρεθεῖσαν
1008 1545 1199 1596 Μεγάλην
1224 1543 1337 1582 πόλιν
1363 1540 1456 1595 μηδ’

115 1609 170 1656 εἰς
196 1609 306 1661 ἰσχὺν
332 1609 597 1660 προελθόντας
618 1610 971 1660 Λακεδαιμονίους,
998 1608 1212 1661 συμφέρειν
1239 1608 1359 1661 λέγων
1379 1613 1458 1655 τοῖς

114 1670 343 1724 Ἀθηναίοις
369 1674 409 1712 τὸ
437 1674 488 1724 μὴ
516 1673 690 1724 φοβερὰν
715 1670 816 1713 εἶναι
841 1674 912 1724 τὴν
939 1675 1229 1724 Λακεδαίμονα.

21 1763 96 1799 202
166 1757 424 1814 Ἀμφότεροί
453 1775 525 1820 μρι
559 1760 767 1800 δοκοῦσιν
799 1759 1062 1812 ἁμαρτάνειν
1094 1756 1126 1800 ὦ
1160 1759 1314 1812 ἄνδρες
1332 1757 1598 1819 Ἀθη-Ρξξᾞῖω·

115 1837 232 1872 ναῖοι
267 1831 338 1871 καὶ
374 1831 414 1871 οἱ
452 1837 541 1879 τοῖς
565 1827 764 1883 Ἀρκάσιν
798 1831 868 1871 καὶ
905 1832 945 1872 οἱ
976 1837 1066 1879 τοῖς
1098 1830 1458 1882 Λακεδαιμονίοις

65 1919 97 1944 15
119 1902 440 1954 συνειρηκότες·
483 1901 627 1954 ὥσπερ
666 1901 747 1954 γὰρ
787 1899 860 1955 ἀφ’
905 1900 1118 1955 ἑκατέρων
1155 1901 1345 1955 ἥκοντες,
1380 1901 1458 1956 οὐχ

114 1969 238 2024 ὑμῶν
264 1973 385 2021 ὄντες
411 1975 595 2025 πολῖται,
626 1972 732 2025 πρὸς
760 1971 834 2021 οὓς
861 1971 1099 2026 ἀμφότεροι
1131 1972 1460 2026 πρεσβεύονται,

116 2048 406 2096 κατηγοροῦσι
439 2042 508 2083 καὶ
543 2042 857 2095 διαβάλλουσιν
892 2042 1117 2095 ἀλλήλους.
1161 2039 1216 2096 ἦν
1248 2043 1295 2084 δὲ
1330 2048 1458 2084 τοῦτο

116 2113 196 2166 μὲν
220 2120 308 2154 τῶν
335 2113 588 2167 ἀφιγμένων
608 2111 751 2167 ἔργον,
776 2114 824 2154 τὸ
846 2113 893 2154 δὲ
913 2120 1068 2162 κοινῶς
1088 2111 1196 2166 ὑπὲρ
1217 2120 1304 2154 τῶν
1324 2127 1459 2167 πραγ-

117 2184 264 2236 μάτων
291 2183 433 2237 λέγειν
459 2184 529 2224 καὶ
555 2184 607 2224 τὰ
638 2181 833 2236 βέλτισθ’
864 2181 973 2238 ὑπὲρ
999 2181 1123 2236 ὑμῶν
1150 2191 1328 2225 σκοπεῖν
1353 2184 1458 2225 ἄνευ

64 2270 98 2296 20
119 2255 365 2308 φιλονικίας
396 2259 484 2295 τῶν
510 2252 671 2296 ἐνθάδε
695 2255 1013 2308 συμβουλεύειν
1033 2253 1284 2304 ἀξιούντων.
1311 2260 1396 2295 νῦν
1416 2252 1453 2295 δ’
1487 2265 1505 2295 2
