1689 2531
119 98 176 141 1x]
562 97 687 129 RATA
713 97 965 130 ΦΙΛΙΠΠΟΤ
990 97 1020 129 Γ
1379 95 1460 136 117

15 192 17 257 ᾗ
119 192 392 247 συνεστώσης
406 193 570 242 πόλεως
585 193 712 247 ἰσχὺν
727 192 748 234 ὁ
764 193 961 246 πόλεμος,
980 191 1084 234 οὐδὲ
1097 189 1213 233 τοῦτ’
1236 193 1465 247 ἄχρηστον,

16 263 17 271 ’
118 263 220 306 οὐδ’
235 264 278 305 αὶ
298 262 455 318 πέρυσι
474 265 699 318 πρεσβεῖαι
719 263 817 317 περὶ
837 263 917 317 τὴν
936 263 1282 316 Πελοπόννησον
1303 261 1463 304 ἐκεῖναι

16 300 18 375 ἱ
117 335 188 377 καὶ
207 336 473 389 κατηγορίαι,
499 334 548 384 ἃς
569 333 650 389 ἐγὼ
672 335 742 376 καὶ
763 334 1042 384 Πολύευκτος
1068 333 1090 376 ὁ
1116 333 1338 387 βέλτιστος
1358 331 1464 374 ἐκει-

16 378 19 422 ἱ
116 406 215 448 νοσὶ
235 405 305 447 καὶ
333 406 601 459 (Ηγήσιππος
621 405 692 447 καὶ
719 406 758 447 οἱ
786 406 909 447 ἄλλοι
934 404 1135 459 πρέσβεις
1155 406 1464 459 περιήλθομεν,

18 495 19 507 ¹
82 494 98 520 5
118 476 189 517 καὶ
208 474 471 530 ἐποιήσαμεν
492 474 685 531 ἐπισχεῖν
705 474 875 517 ἐκεῖνον
894 476 965 517 καὶ
984 473 1080 529 μήτ’
1112 472 1173 516 ἐπ’
1202 476 1464 530 Ἀμβρακίαν

18 535 20 543 7
119 545 268 588 ἐλθεῖν
292 548 395 601 μήτ’
423 548 483 596 εἰς
510 548 857 601 Πελοπόννησον
883 546 1079 601 ὁρμῆσαι.
1112 545 1163 588 οὐ
1183 545 1332 599 μέντοι
1353 544 1462 600 λέγω

117 617 254 672 μηδὲν
279 617 438 667 αὐτοὺς
464 618 572 671 ὑπὲρ
606 617 752 659 αὑτῶν
778 617 1017 672 ἀναγκαῖον
1050 615 1283 666 ἐθέλοντας
1308 624 1464 671 ποιεῖν,

117 690 219 738 τοὺς
252 689 409 738 ἄλλους
443 692 727 743 παρακαλεῖν·
760 689 831 730 καὶ
862 689 944 742 γὰρ
978 689 1135 742 εὔηθες
1161 688 1213 729 τὰ
1239 686 1359 729 οἰκεῖ’
1393 687 1464 729 αὐ-

117 761 219 809 τοὺς
244 759 529 814 προϊεμένους
554 767 642 800 τῶν
668 759 909 814 ἀλλοτρίων
937 759 1122 813 φάσκειν
1142 760 1368 813 κήδεσθαι,
1393 759 1464 800 καὶ

65 847 98 873 10
117 831 169 871 τὰ
194 831 389 884 παρόντα
415 837 709 884 περιορῶντας
735 830 843 884 ὑπὲρ
876 837 964 871 τῶν
989 830 1238 882 μελλόντων
1262 831 1364 879 τοὺς
1391 830 1463 870 ἄλ-

119 904 220 950 λους
236 902 404 955 φοβεῖν.
437 901 489 942 οὐ
511 901 620 955 λέγω
641 907 788 956 ταῦτα,
807 900 916 942 ἀλλὰ
935 908 1024 950 τοῖς
1044 900 1124 953 μὲν
1139 899 1186 941 ἐν
1202 901 1463 956 Χερρονήσῳ

116 970 304 1027 χρήματ’
338 971 620 1013 ἀποστέλλειν
656 972 765 1025 φημὶ
802 972 896 1013 δεῖν
930 971 1001 1012 καὶ
1035 970 1152 1012 τᾶλλ’
1193 970 1256 1013 ὄσ’
1294 969 1464 1021 ἀξιοῦσι

47 1046 96 1082 30
117 1050 272 1097 ποιεῖν,
298 1043 457 1092 αὐτοὺς
484 1043 531 1084 δὲ
551 1042 966 1097 παρασκευάζεσθαι,
983 1041 987 1097 1
1003 1044 1104 1091 τοὺς
1132 1040 1171 1083 δ’
1200 1039 1465 1091 ἅλλους“Ἐλ-

25 1164 26 1167 ¹
119 1116 250 1168 ληνας
278 1117 524 1168 συγκαλεῖν,
552 1114 774 1167 συνάγειν,
801 1113 1037 1167 διδάσκειν,
1062 1116 1312 1154 νουθετεῖν·
1339 1112 1463 1153 ταῦτ’

25 1180 26 1231 J
66 1203 98 1228 15
119 1183 209 1226 ἐστὶ
234 1186 398 1235 πόλεως
425 1184 571 1237 ἀξίωμ’
611 1183 792 1239 ἐχούσης
818 1185 971 1238 ἡλίκον
996 1184 1101 1236 ὑμῖν
1126 1183 1320 1238 ὑπάρχει.
1354 1185 1389 1225 εἰ
1417 1184 1462 1224 δ’

117 1255 266 1298 οἴεσθε
285 1255 526 1305 Χαλκιδέας
547 1256 627 1310 τὴν
649 1255 831 1296 Ἑλλάδα
853 1255 1011 1296 σώσειν
1030 1254 1054 1308 ἢ
1076 1253 1320 1308 ῙᾺεγαρέας,
1339 1254 1464 1306 ὑμεῖς

118 1325 154 1368 δ’
188 1325 518 1381 ἀποδράσεσθαι
544 1327 596 1367 τὰ
622 1326 864 1380 πράγματα,
892 1325 970 1367 οὐκ
997 1325 1142 1380 ὀρθῶς
1169 1325 1335 1366 οἴεσθε·
1362 1325 1464 1379 ἀγα-

116 1398 255 1451 πητὸν
286 1398 367 1452 γὰρ
401 1395 478 1439 ἐὰν
509 1397 633 1438 αὐτοὶ
667 1396 882 1454 σῴζωνται
913 1397 1082 1438 τούτων
1113 1394 1318 1445 ἑκάστοις.
1363 1395 1462 1437 ἀλλ’

116 1468 224 1521 ὑμῖν
248 1474 378 1510 τοῦτο
410 1467 645 1522 πρακτέον·
671 1469 777 1520 ὑμῖν
804 1468 843 1508 οἱ
871 1468 1080 1521 πρόγονοι
1107 1473 1236 1508 τοῦτο
1262 1467 1310 1508 τὸ
1336 1466 1464 1520 γέρας

65 1557 98 1582 20
119 1537 352 1593 ἐκτήσαντο
378 1539 449 1580 καὶ
475 1538 707 1580 κατέλιπον
732 1540 836 1591 μετὰ
862 1542 1036 1579 πολλῶν
1061 1538 1132 1579 καὶ
1152 1537 1352 1591 μεγάλων
1371 1553 1462 1578 κιν-

118 1610 277 1652 δύνων.
311 1611 347 1651 εἰ
375 1608 412 1651 δ’
446 1609 467 1650 ὃ
495 1610 699 1663 βούλεται
732 1613 867 1663 ζητῶν
894 1608 1069 1658 ἕκαστος
1095 1609 1365 1661 καθεδεῖται,
1391 1608 1462 1649 καὶ

119 1681 232 1730 ὅπως
265 1680 401 1734 μηδὲν
443 1680 572 1729 αὐτὸς
606 1682 778 1734 ποιήσει
814 1687 1008 1732 σκοπῶν,
1044 1685 1218 1733 πρῶτον
1249 1683 1328 1731 μὲν
1360 1678 1463 1720 οὐδὲ

118 1752 175 1805 μή
201 1750 305 1793 ποθ’
338 1751 443 1808 εὕρῃ
469 1753 570 1800 τοὺς
596 1753 877 1804 ποιήσοντας,
903 1748 1049 1791 ἔπειτα
1076 1747 1234 1804 δέδοιχ’
1267 1750 1379 1799 ὅπως
1406 1751 1462 1803 μὴ

118 1819 251 1863 πάνθ’
284 1819 352 1875 ἅμ’
385 1821 450 1863 ὅσ’
482 1822 533 1863 οὐ
560 1823 813 1875 βουλόμεθα
845 1829 988 1863 ποιεῖν
1018 1821 1121 1874 ἡμῖν
1148 1819 1311 1874 ἀνάγκη
1338 1822 1464 1873 γενή-

0 1927 3 1950 3
66 1910 99 1936 25
121 1903 250 1935 σεται.

173 1961 283 2017 Ἐγὼ
310 1963 390 2016 μὲν
411 1964 464 2018 δὴ
484 1970 618 2005 ταῦτα
640 1963 763 2017 λέγω,
789 1969 924 2004 ταῦτα
943 1962 1116 2016 γράφω·
1136 1962 1207 2003 καὶ
1228 1962 1372 2013 οἴομαι
1392 1962 1463 2002 καὶ

119 2040 204 2076 νῦν
229 2032 294 2076 ἔτ’
324 2033 696 2089 ἐπανορθωθῆναι
724 2033 777 2075 ἂν
802 2034 854 2075 τὰ
880 2033 1108 2087 πράγματα
1127 2032 1296 2074 τούτων
1315 2048 1463 2086 γιγνο-

120 2104 275 2157 μένων,
308 2107 344 2146 εἰ
366 2106 415 2146 δέ
432 2121 496 2155 τις
516 2104 603 2160 ἔχει
623 2121 664 2146 τι
683 2105 852 2146 τούτων
872 2105 1059 2158 βέλτιον,
1087 2103 1243 2156 λεγέτω
1264 2103 1335 2144 καὶ
1356 2113 1462 2155 συμ-

120 2175 376 2228 βουλευέτω.
410 2177 432 2217 ὅ
453 2191 494 2217 τι
520 2177 543 2217 ὁ
558 2175 567 2191 ’
586 2176 691 2228 ὑμῖν
712 2175 840 2225 δόξει,
861 2172 976 2216 τοῦτ’
997 2172 1028 2215 ὦ
1050 2174 1206 2224 πάντες
1233 2174 1331 2215 θεοὶ
1360 2184 1462 2215 συν-

6 2284 10 2297 ,
69 2263 102 2288 30
123 2245 302 2300 ενέγκοι.

1491 556 1533 587 73

1492 1195 1535 1225 74

1481 1549 1529 1573 111

1490 1620 1532 1650 75

1490 1973 1531 2003 76
