1689 2531
87 72 173 116 XIV]
481 72 595 104 ΠΕΡΙ
619 71 716 104 ΤΩΝ
742 71 1035 104 ΣΤΜΜΟΡΙΩΝ
1346 70 1427 112 167

87 167 197 221 φημὶ
231 169 332 216 τοὺς
365 167 632 222 στρατηγοὺς
659 166 754 208 δεῖν
781 166 999 218 διανεῖμαι
1023 166 1185 216 τόπους
1214 165 1317 208 δέκα
1342 174 1431 209 τῶν

85 239 294 293 νεωρίων,
327 237 624 290 σκεψαμένους
650 237 765 286 ὅπως
793 237 849 286 ὡς
875 235 1073 291 ἐγγύτατ’
1104 236 1304 291 ἀλλήλων
1324 238 1431 279 κατὰ

85 306 301 363 τριάκοντ’
340 306 448 351 ὦσιν
472 312 714 362 νεώσοικοι,
745 306 922 350 ἐπειδὰν
949 308 996 349 δὲ
1021 313 1151 349 τοῦτο
1176 310 1432 363 ποιήσωσιν,

87 380 167 422 δύο
207 381 447 434 συμμορίας
478 379 550 421 καὶ
581 378 814 433 τριάκοντα
844 381 1034 434 τριήρεις
1065 379 1234 420 τούτων
1267 377 1430 435 ἑκάστῳ

49 467 64 492 5
85 457 343 505 προσνεῖμαι
362 457 451 492 τῶν
470 451 630 504 τόπων,
655 445 730 491 εἶτ’
757 448 1047 504 ἐπικληρῶσαι
1066 450 1141 499 τὰς
1163 449 1320 503 φυλάς·
1353 451 1430 492 τὸν

85 521 134 563 δὲ
157 521 390 576 ταξίαρχον
415 520 611 575 ἕκαστον,
637 520 689 562 ὃν
709 519 764 562 ἂν
783 521 808 575 ἡ
831 522 948 575 φυλὴ
969 521 1104 562 τόπον
1125 520 1244 577 λάχῃ,
1270 521 1431 562 διελεῖν

84 593 209 646 τρίχα
233 592 305 633 καὶ
330 592 404 641 τὰς
430 597 537 641 ναῦς
563 591 781 646 ὡσαύτως,
806 588 880 633 εἶτ’
912 590 1203 645 ἐπικληρῶσαι
1222 592 1297 641 τὰς
1317 607 1432 646 τριτ-

84 668 174 717 τῦς,
199 663 314 712 ὅπως
342 662 396 704 ἂν
421 669 510 704 τῶν
535 662 615 715 μὲν
642 662 757 704 ὅλων
783 664 980 716 νεωρίων
1006 662 1054 704 ἓν
1081 661 1237 720 ἑκάστῃ
1257 656 1431 720 μέροςῇ

84 739 173 775 τῶν
205 736 371 788 φυλῶν,
402 739 480 774 τοῦ
513 733 562 774 δὲ
595 732 754 787 μέρους
786 732 968 775 ἑκάστου
1000 734 1049 775 τὸ
1075 734 1225 788 τρίτον
1250 733 1430 787 μέροςὴ

34 823 66 848 ιο
85 806 256 859 τριττὺς
287 802 375 861 ἔχῃ,
406 805 547 858 εἰδῆτε
579 802 636 858 δ’,
667 804 722 845 ἄν
747 819 788 845 τι
815 803 904 861 δέῃ,
935 811 1110 858 πρῶτον
1135 804 1216 856 μὲν
1240 804 1321 858 τὴν
1349 819 1428 858 φυ-

87 876 179 930 λήν,
210 875 320 917 ὅπου
353 874 561 929 τέτακται,
597 875 703 927 μετὰ
736 881 871 916 ταῦτα
910 875 958 916 δὲ
994 876 1075 929 τὴν
1112 875 1302 928 τριττύν,
1340 871 1432 916 εἶτα

85 947 338 1001 τριήραρχοι
364 947 477 995 τίνες
504 946 575 986 καὶ
600 947 789 1000 τριήρεις
815 946 969 1000 ποῖαι[,
993 946 1065 987 καὶ
1090 946 1326 1000 τριάκοντα
1353 946 1433 998 μὲν

85 1017 111 1070 ἡ
144 1018 275 1071 φυλή,
306 1016 409 1058 δέκα
441 1014 477 1058 δ’
515 1017 540 1070 ἡ
574 1018 745 1069 τριττὺς
782 1015 936 1070 ἑκάστη
969 1018 1159 1070 τριήρεις
1191 1014 1297 1073 ἔχῃ]
1356 1015 1433 1057 ἐὰν

85 1087 167 1142 γὰρ
194 1085 322 1130 ταῦθ’
355 1087 491 1137 οὕτως
517 1089 576 1137 εἰς
603 1087 710 1129 ὁδὸν
735 1094 935 1142 καταστῇ,
962 1088 1001 1128 εἴ
1019 1103 1058 1128 τι
1080 1088 1150 1128 καὶ
1170 1088 1432 1141 παραλείπο-

36 1176 67 1202 15
87 1174 167 1210 μεν
197 1164 283 1200 νῦν
314 1157 473 1213 (πάντα
504 1160 587 1213 γὰρ
621 1158 724 1207 ἴσως
758 1158 904 1211 εὑρεῖν
938 1158 990 1199 οὐ
1024 1155 1213 1214 ῥᾴδιον),
1245 1157 1350 1199 αὐτὸ
1384 1159 1433 1199 τὸ

86 1227 245 1284 πρᾶγμ’
280 1228 417 1286 ἑαυτῷ
439 1229 626 1284 εὑρήσει,
651 1229 722 1270 καὶ
748 1231 824 1281 μία
852 1229 1054 1279 σύνταξις
1081 1229 1153 1270 καὶ
1173 1236 1325 1270 πασῶν
1345 1236 1433 1270 τῶν

85 1307 200 1341 νεῶν
226 1301 296 1341 καὶ
322 1300 480 1354 μέρους
505 1298 637 1341 ἔσται.

139 1368 263 1425 Ὑπὲρ
285 1371 333 1412 δὲ
353 1370 582 1426 χρημάτων
601 1371 672 1411 καὶ
693 1371 832 1423 πόρου
854 1376 1051 1423 φανεροῦ
1071 1371 1189 1420 τινὸς
1203 1371 1286 1425 ἤδη
1301 1370 1433 1424 παρά-

87 1440 218 1491 δοξον
243 1442 322 1494 μὲν
348 1437 446 1483 οἶδα
473 1443 606 1495 λόγον
626 1441 797 1493 μέλλων
818 1441 974 1495 λέγειν,
1001 1441 1115 1493 ὅμως
1136 1441 1172 1482 δ’
1202 1443 1435 1495 εἰρήσεται·

35 1530 68 1555 20
88 1512 275 1554 πιστεύω
308 1512 404 1567 γάρ,
436 1511 512 1553 ε’άν
543 1527 608 1561 τις
641 1512 786 1566 ὀρθῶς
820 1518 971 1567 σκοπῇ,
1002 1513 1135 1563 μόνος
1167 1511 1336 1566 τάληθῆ
1364 1512 1435 1553 καὶ

86 1583 138 1624 τὰ
162 1581 415 1636 γενησόμεν’
449 1583 627 1636 εἰρηκὼς
654 1586 905 1634 φανεῖσθαι.
951 1581 1033 1636 ἐγώ
1062 1598 1171 1637 φημι
1200 1589 1355 1637 χρῆναι
1376 1583 1432 1636 μὴ

88 1653 232 1707 λέγειν
264 1654 367 1695 νυνὶ
399 1654 498 1707 περὶ
530 1654 777 1709 χρημάτων·
828 1649 940 1695 εἶναι
973 1655 1054 1708 γὰρ
1082 1655 1234 1709 πόρον,
1266 1654 1320 1696 ἂν
1347 1654 1435 1712 δέῃ,

86 1723 223 1778 μέγαν
254 1724 325 1765 καὶ
356 1727 492 1766 καλὸν
523 1725 594 1765 καὶ
627 1726 811 1779 δίκαιον,
845 1725 898 1766 ὃν
930 1724 984 1766 ἂν
1015 1726 1095 1777 μὲν
1120 1726 1203 1779 ἤδη
1231 1728 1435 1779 ζητῶμεν,

87 1792 182 1836 οὐδ’
208 1796 268 1844 εἰς
294 1793 390 1836 τόθ’
416 1795 628 1850 ὑπάρχειν
654 1795 890 1849 ἡγησόμεθ’
923 1796 1028 1849 ἡμῖν
1055 1795 1188 1852 (οὕτω
1216 1798 1328 1838 πολὺ
1355 1802 1433 1837 τοῦ

35 1883 67 1908 25
87 1866 264 1919 πορίσαι
289 1872 375 1907 νῦν
401 1865 736 1921 ἀποσχήσομεν),
765 1864 842 1908 ἐὰν
868 1864 905 1908 δ’
927 1866 1077 1921 ἐῶμεν,
1102 1865 1234 1908 ἔσται.
1267 1869 1330 1916 τίς
1353 1864 1434 1908 οὖν

88 1934 182 1977 ἔσθ’
215 1933 342 1985 οὗτος
369 1936 390 1977 ὀ
418 1942 502 1977 νῦν
528 1937 608 1988 μὲν
633 1936 713 1978 οὐκ
740 1937 815 1991 ὥν,
840 1937 1046 1991 ὑπάρξων
1072 1936 1109 1979 δ’
1142 1939 1201 1986 εἰς
1228 1939 1342 1989 τότε;
1370 1939 1434 1979 αἰ-

0 2009 67 2045 185
87 2007 382 2060 νίγματιΙγὰρ
417 2007 569 2059 ὅμοιον
600 2009 730 2049 τοῦτό
762 2023 821 2061 γε.
873 2006 954 2062 ἐγὼ
983 2008 1148 2063 φράσω.
1200 2009 1327 2062 ὁρᾶτε
1352 2009 1433 2062 τὴν
1487 2020 1499 2028 '

89 2078 219 2118 πόλιν
263 2074 295 2118 ὦ
341 2078 496 2131 ἄνδρες
533 2075 758 2131 Ἀθηναῖοι
796 2084 940 2120 πᾶσαν
977 2080 1151 2133 ταύτην.
1209 2078 1256 2120 ἐν
1301 2079 1435 2136 ταύτῃ

89 2145 265 2201 χρήματ’
309 2146 479 2189 ἔνεστιν
524 2148 675 2202 ὀλίγου
721 2148 803 2190 δέω
843 2151 949 2203 πρὸς
987 2150 1154 2199 ἁπάσας
1192 2151 1267 2199 τὰς
1305 2151 1435 2199 ἄλλας

36 2235 70 2260 3ο
91 2219 228 2259 εἰπεῖν
260 2219 417 2268 πόλεις.
468 2225 602 2260 ταῦτα
635 2217 673 2260 δ’
712 2221 752 2261 οἱ
780 2219 1030 2274 κεκτημένοι
1056 2227 1260 2262 τοιοῦτον
1287 2218 1434 2275 ἔχουσι

1457 459 1501 490 23

1460 1380 1503 1410 24
