1689 2531
106 70 146 114 x]
551 69 677 101 ΚΑΤΑ
703 67 956 100 ΦΙΛΙΠΠΟΤ
982 69 1011 99 Δ
1369 64 1452 106 123

106 166 249 219 ὥσπερ
276 170 372 218 νῦν,
398 163 450 206 οὐ
476 164 724 218 γράφοντος
750 162 931 212 οὐδενὸς
956 162 1080 215 ὑμῶν
1105 163 1308 216 πόλεμον,
1334 164 1452 216 Καρ-

106 237 272 285 διανοῖς
300 234 490 290 ἐβοήθει,
516 234 595 277 οὐκ
622 234 676 276 ἂν
702 233 1033 289 ἀνηρπασμένος
1055 231 1111 287 ἦν
1131 233 1154 275 ὁ
1174 233 1356 288 γράψας,
1381 233 1452 274 καὶ

106 308 178 348 διὰ
214 312 343 348 τοῦτο
378 305 535 355 πάντες
565 303 736 364 ᾐτιῶντ’
774 305 828 347 ἂν
860 306 995 347 αὐτὸν
1026 305 1294 359 Καρδιανοῖς
1325 306 1451 358 βεβο-

104 378 336 432 ηθηκέναι;
367 377 424 431 μὴ
456 378 610 418 τοίνυν
643 375 801 430 ζητεῖθ’
837 374 971 418 ὅντιν’
1004 373 1105 417 ἀνθ’
1138 373 1200 417 ὧν
1237 376 1451 425 Φίλιππος
1480 384 1521 414 19

68 467 84 493 5
105 447 385 501 ἐξαμαρτάνει
410 449 611 502 μισήσετε
637 448 707 489 καὶ
728 455 817 497 τοῖς
836 445 935 502 παρ’
963 445 1131 489 ἐκείνου
1152 451 1450 501 μισθαρνοῦσι

105 518 433 560 διασπάσασθαι
459 521 764 573 παραβαλεῖτε·
791 516 888 573 μηδ’
921 518 1045 560 αὐτοὶ
1070 519 1452 573 χειροτονήσαντες

103 590 294 642 πόλεμον
314 590 532 643 βούλεσθε
558 587 657 644 παρ’
684 589 830 639 αὐτοῖς
851 589 956 642 ὑμῖν
977 588 1144 643 ε’ρίζειν,
1169 590 1205 630 εἰ
1227 588 1330 630 δέον
1349 588 1374 642 ἣ
1395 590 1451 643 μὴ

104 659 206 701 δέον
219 659 329 712 ὑμᾶς
343 665 471 701 τοῦτο
487 659 766 714 πεποιηκέναι
777 673 785 681 ·
807 657 898 701 ἀλλ’
919 659 971 701 ὃν
987 658 1149 709 ἐκεῖνος
1165 663 1342 712 πολεμεῖ
1356 661 1453 714 τρό-

104 745 201 785 πον,
225 736 384 772 τοῦτον
403 734 619 785 μιμεῖσθε,
639 737 728 780 τοῖς
748 731 828 782 μὲν
848 730 1136 782 ἀμυνομένοις
1156 731 1237 784 ἤδη
1259 732 1452 785 χρήματα

49 822 82 846 10
102 801 171 842 καὶ
204 799 320 842 τᾶλλ’
355 802 470 843 ὅσων
503 801 674 843 δέονται
709 803 924 856 διδόντες,
956 801 1080 843 αὐτοὶ
1108 799 1144 843 δ’
1177 801 1453 856 εἰσφέροντες

103 869 135 913 ὦ
151 872 305 926 ἄνδρες
317 870 540 926 Ἀθηναῖοι
556 873 626 914 καὶ
641 874 1055 926 κατασκευαζόμενοι
1071 873 1325 927 στράτευμα,
1336 874 1453 927 τριή-

103 959 191 1028 ρεις
211 945 394 998 ταχείας,
419 943 590 997 ι’ππους,
609 944 902 998 ἴππαγωγους,
927 942 1044 985 τᾶλλ’
1072 941 1135 986 ὅσ’
1162 945 1221 993 εἰς
1244 945 1452 996 πόλεμον

103 1013 195 1056 ε’πει
221 1020 306 1056 νῦν
331 1030 380 1068 γε
406 1014 540 1069 γέλως
566 1012 662 1055 εσθ’
689 1015 745 1064 ὡς
766 1015 971 1069 χρώμεθα
991 1021 1080 1064 τοῖς
1101 1014 1363 1069 πράγμασιν,
1382 1015 1451 1056 καὶ
1479 1010 1541 1079 fg
1535 1055 1566 1081 ἥ

108 1087 330 1127 Φίλιππον
363 1084 399 1127 δ’
433 1084 487 1127 άν
513 1085 648 1127 αὐτὸν
681 1085 813 1127 οὐδεν
840 1084 930 1127 άλ’λ
964 1081 1081 1138 οἶμαι
1108 1086 1166 1138 μὰ
1191 1072 1293 1135 τοὺς
1319 1087 1453 1135 θεοὺς

49 1175 82 1201 15
104 1155 316 1206 εὔξασθαι
354 1163 497 1198 ποιεῖν
534 1157 614 1211 τὴν
652 1158 782 1198 πόλιν
823 1157 843 1210 ἱ]
883 1173 1018 1198 ταυτα
1057 1157 1101 1211 [ἑὲ
1139 1163 1224 1198 νῦν
1256 1156 1454 1211 ποιεῖτε]·

100 1227 352 1281 ὑστερίζετε,
395 1226 662 1269 ἀναλίσκετε·
702 1228 785 1283 ὅτῳ
824 1228 1101 1281 παραδώσετε
1139 1228 1190 1269 τὰ
1227 1227 1456 1281 πράγματα

101 1298 298 1353 [ζητεῖτε]
341 1299 663 1353 δυσχεραίνετε·
696 1297 909 1352 ἀλλήλους
946 1300 1157 1340 αἰτιᾶσθε.
1209 1295 1374 1353 ἀφ’,ἐοῦ
1409 1299 1455 1340 δὲ

0 1375 78 1410 ³137
102 1374 236 1410 ταῦτα
268 1369 475 1423 γίγνεται,
501 1367 583 1422 ἐγὼ
612 1368 785 1423 διδάξω,
813 1370 816 1423 Ι
846 1385 916 1410 και
950 1370 1062 1418 ὅπως
1094 1369 1305 1411 παύσεται
1338 1369 1455 1420 λεᾞξω

103 1439 235 1481 οὐδεν
272 1437 434 1481 πώποτ’
473 1437 504 1480 ὦ
538 1440 694 1492 άνδρες
727 1438 948 1493 Ἀθηναῖοι
987 1447 1073 1481 τῶν
1112 1440 1375 1494 πραγμάτιον
1411 1439 1452 1491 ἐξ
1481 1444 1523 1475 21

51 1529 84 1555 20
104 1509 236 1564 ἀρχῆς
264 1508 546 1563 ἐνεστήσασθ’
574 1510 676 1551 οὐδὲ
704 1509 1072 1551 κατεσκευάσασθ’
1100 1511 1257 1566 ὀρθῶς,
1277 1511 1385 1553 ἀλλὰ
1406 1513 1452 1553 τὸ

103 1583 347 1634 συμβαῖνον
367 1581 450 1622 αἰεὶ
472 1581 659 1634 διώκετε,
681 1576 753 1622 εἶτ’
775 1580 952 1623 ἐπειδὰν
975 1581 1225 1635 ὑστερίσητε
1239 1583 1454 1625 παύεσθε·

101 1650 251 1706 ἕτερον
282 1651 414 1692 πάλιν
454 1651 507 1693 ἂν
540 1655 683 1707 συμβῇ
716 1668 756 1693 τι
792 1654 1171 1706 παρασκευάζεσθε
1206 1654 1277 1695 καὶ
1312 1657 1448 1706 θορυ-
1464 1669 1583 1694 vmn

101 1724 265 1775 βεῖσθε.
304 1723 352 1763 τὸ
381 1720 418 1763 δ’
445 1723 523 1777 οὐχ
545 1723 680 1772 οὕτως
702 1721 805 1777 εχει·
833 1739 912 1764 ουκ
933 1722 1072 1764 ἔνεστι
1093 1726 1319 1778 βοηθείαις
1346 1741 1454 1779 χρω-
1482 1739 1524 1769 22

1486 1786 1564 1811 vm

101 1792 259 1845 με’νους
286 1793 418 1834 οὐδεν
443 1801 530 1835 τῶν
557 1794 749 1835 δεόντων
775 1809 875 1835 ποτε
903 1794 1073 1847 πρᾶξαι,
1093 1794 1201 1836 ἀλλὰ
1222 1806 1453 1837 κατασκευ-
1480 1823 1512 1847 47
1524 1829 1586 1853 sqq.

50 1882 82 1907 25
104 1863 290 1913 άσαντας
325 1864 391 1904 δεῖ
417 1864 618 1917 δυναμιν,
644 1865 713 1905 καὶ
740 1866 910 1919 τροφὴν
936 1881 1069 1922 ταυτῃ
1095 1868 1357 1919 πορισαντας
1386 1867 1455 1907 καὶ

102 1935 254 1986 ταμίας
287 1934 357 1975 καὶ
392 1935 645 1989 δημοσίους,
678 1935 747 1976 καὶ
776 1936 888 1984 ὅπως
915 1934 979 1976 ἔνι
1007 1937 1086 1990 τὴν
1112 1943 1200 1977 τῶν
1226 1937 1455 1991 χρημάτων

104 2007 306 2060 φυλακὴν
339 2005 653 2060 ἀκριβεστάτην
685 2006 907 2061 γενέσθαι,
936 2007 1048 2048 οὕτω
1077 2009 1353 2062 ποιήσαντας,
1378 2009 1455 2049 τὸν

103 2076 182 2128 μὲν
213 2083 301 2117 τῶν
333 2077 562 2131 χρημάτων
595 2078 727 2131 λόγον
759 2078 874 2130 παρὰ
907 2078 1074 2119 τούτων
1102 2079 1353 2133 λαμβάνειν,
1378 2080 1455 2120 τὸν

105 2146 152 2188 δὲ
177 2153 265 2188 τῶν
298 2145 439 2201 ἔργων
465 2148 580 2200 παρὰ
607 2154 684 2188 τοῦ
712 2155 969 2203 στρατηγοῦ,
1000 2150 1071 2190 καὶ
1104 2150 1317 2203 μηδεμίαν
1351 2151 1455 2203 πρό-

50 2234 84 2260 ³0
104 2228 241 2271 φασιν
260 2224 338 2259 τοῦ
359 2221 484 2259 πλεῖν
510 2218 657 2260 &Mod
682 2218 705 2272 ἢ
728 2219 932 2272 πράττειν
959 2220 1063 2261 ἄλλο
1090 2236 1130 2261 τι
1157 2225 1214 2276 τῷ
1237 2226 1461 2278 στρατηγῷ
