1689 2531
81 1487 233 1514 1s.w111
286 1466 373 1507 Καὶ
408 1466 624 1507 σπουδαῖα
657 1467 845 1518 νομίζων
879 1463 911 1507 ὦ
942 1466 1098 1520 ἄνδρες
1118 1463 1355 1521 Ἀθηναῖοι,
1385 1465 1484 1520 περὶ
1510 1462 1573 1507 ὧν

103 2237 161 2262 XX
167 2190 203 2263 [21

883 617 922 657 X

556 711 747 760 ΚΑΤΑ
785 712 830 760 Φ
840 713 1057 761 ΙΑΙΠΠ
1068 713 1163 762 OT
1201 715 1242 761 Δ

771 823 1027 857 ΤΠΟΘΕΣΙΣ

287 909 364 949 Καὶ
391 905 504 957 οὗτος
531 909 550 949 ὁ
577 910 690 962 λόγος
717 909 787 960 τὴν
814 910 938 961 αὐτὴν
969 910 1163 951 ὑπόθεσιν
1194 911 1268 963 ἔχει
1293 916 1343 968 τῷ
1374 912 1573 962 φθάνοντι

224 975 289 1015 καὶ
315 974 432 1014 πλέον
459 973 575 1014 οὐδὲν
602 971 689 1014 οὐδ’
713 975 829 1025 ἴδιον,
856 975 958 1027 πλὴν
985 977 1024 1016 τὸ
1051 975 1139 1028 περὶ
1163 983 1232 1028 τῆς
1253 975 1437 1028 ὁμονοίας
1463 977 1573 1016 πολί-

225 1051 361 1092 τευμα·
399 1040 695 1093 διαφερομένων
726 1041 798 1093 γὰρ
825 1047 902 1080 τῶν
927 1042 1126 1080 πλουσίων
1152 1042 1248 1094 πρὸς
1274 1043 1365 1090 τοὺς
1390 1041 1573 1093 πένητας,

225 1105 245 1146 ὁ
266 1104 533 1157 Δημοσθένης
559 1106 798 1144 καταπαύειν
818 1114 995 1158 πειρᾶται
1014 1107 1085 1158 τὴν
1124 1107 1269 1156 στάσιν,
1294 1112 1345 1164 τῷ
1369 1106 1439 1158 μὲν
1460 1107 1571 1162 δήμῳ
1593 1108 1666 1144 131

225 1177 429 1224 παραινῶν
451 1170 502 1221 μὴ
525 1171 709 1221 δημεύειν
730 1171 796 1217 τὰς
818 1178 893 1210 τῶν
913 1173 1112 1211 πλουσίων
1133 1171 1282 1222 οὐσίας,
1302 1177 1383 1221 τοῖς
1398 1171 1438 1212 δὲ
1452 1176 1571 1212 πλου-
1592 1187 1608 1213 5

224 1237 322 1284 σίοις
350 1237 401 1287 μὴ
431 1240 601 1285 φθονεῖν
622 1240 701 1283 τοῖς
722 1234 885 1288 ἀπόροις
905 1243 973 1276 τοῦ
995 1238 1187 1287 δημοσίου
1208 1237 1416 1288 λήμματος.
1443 1239 1571 1277 πείθει

225 1300 265 1340 δὲ
292 1302 383 1349 τοὺς
404 1298 646 1352 Ἀθηναίους
673 1300 736 1339 καὶ
762 1302 858 1352 πρὸς
889 1302 957 1341 τὸν
985 1305 1148 1354 Περσῶν
1180 1302 1339 1354 βασιλέα
1363 1303 1449 1354 περὶ
1476 1315 1567 1354 συμ-

225 1368 365 1419 μαχίας
391 1367 687 1418 πρεσβεύεσθαι.

224 1537 509 1591 βουλεύεσθε,
535 1537 605 1578 καὶ
633 1536 846 1591 ἀναγκαῖα
866 1544 918 1593 τῇ
937 1538 1074 1592 πόλει,
1099 1537 1358 1591 πειράσομαι
1379 1537 1477 1591 περὶ
1498 1536 1575 1578 αὐ-
1597 1554 1628 1580 ιο

224 1615 312 1650 τῶν
346 1609 484 1650 εἰπεῖν
517 1608 542 1650 ἑὲ
574 1609 732 1660 νομίζω
767 1607 1020 1663 συμφέρειν.
1061 1608 1141 1650 οὐκ
1174 1608 1336 1662 ὀλίγων
1369 1605 1406 1649 δ’
1433 1609 1574 1650 ὄντων

225 1678 545 1733 ἁμαρτημάτων
572 1677 665 1721 οὐὸ’
693 1678 739 1720 ἐκ
765 1685 922 1733 μικροῦ
949 1680 1112 1734 χρόνου
1141 1678 1502 1734 συνειλεγμένων,
1531 1677 1573 1728 ἐξ

225 1748 287 1792 ὧν
321 1751 497 1805 φαύλως
530 1748 648 1792 ταῦτ’
681 1749 780 1805 ἔχει,
812 1750 944 1793 οὐδέν
971 1749 1089 1792 ἐστιν
1117 1747 1148 1791 ὦ
1176 1751 1333 1805 ἄνδρες
1350 1747 1575 1804 Ἀθηναῖοι

223 1829 312 1863 τῶν
338 1822 515 1863 πάντων
542 1822 872 1876 δυσκολώτερον
900 1823 959 1871 εἷς
985 1822 1033 1863 τὸ
1057 1822 1199 1875 παρὸν
1219 1821 1243 1876 ἢ
1267 1822 1332 1863 ὅτι
1351 1828 1444 1870 ταῖς
1464 1820 1574 1875 γνώ-

224 1909 322 1945 μαις
359 1893 480 1945 ὑμεῖς
516 1892 785 1947 ἀφεστήκατε
820 1900 908 1934 τῶν
942 1893 1220 1947 πραγμάτων,
1256 1892 1327 1934 καὶ
1361 1897 1575 1934 τοσοῦτον
1597 1910 1628 1935 15
1676 1918 1679 1928 ι

225 1965 388 2019 χρόνον
415 1962 676 2015 σπουδάζεθ’
704 1965 809 2006 ὅσον
831 1963 885 2005 ἂν
911 1961 1103 2017 κάθησθ’
1130 1963 1363 2013 ἀκούοντες
1389 1961 1414 2016 ἢ
1441 1973 1575 2017 προσ-

225 2039 422 2091 αγγελθῇ
460 2051 500 2076 τι
538 2035 772 2089 νεώτερον,
810 2030 883 2076 εἶτ’
916 2034 1124 2076 ἀπελθὼν
1156 2033 1333 2084 ἕκαστος
1366 2033 1490 2086 ὑμῶν
1522 2033 1574 2075 οὐ

225 2108 364 2159 μόνον
392 2106 524 2148 οὐδὲν
552 2107 774 2161 φροντίζει
800 2106 898 2160 περὶ
925 2105 1083 2160 αὐτῶν,
1109 2103 1201 2147 ἀλλ’
1228 2105 1332 2147 οὐδὲ
1351 2104 1573 2159 μέμνηται.

226 2179 250 2232 ἡ
277 2178 357 2230 μὲν
390 2175 472 2219 οὖν
498 2177 699 2231 ἀσέλγεια
726 2177 796 2218 καὶ
822 2176 1068 2231 πλεονεξία,
1101 2171 1127 2234 ᾗ
1153 2177 1259 2231 πρὸς
1287 2176 1478 2225 ἅπαντας
1504 2174 1575 2217 ἆν-

225 2249 434 2304 θρώπους
478 2250 693 2298 Φίλιππος
732 2255 903 2304 χρῆται,
943 2248 1132 2302 τοσαύτη
1172 2248 1220 2289 τὸ
1259 2250 1430 2301 πλῆθος
1472 2247 1581 2301 ὅσην
1601 2264 1634 2290 20
