1653 2521
1200 568 1212 585 Ι

321 579 666 629 ΛΙΒΑΝΙΟΤ
702 579 1122 628 ΤΠΟΘΕΣΕΙΣ

371 679 470 712 ΤΩΝ
496 679 666 712 ΑΟΓῼΝ
691 679 1065 713 ΔΗΜΟΣΘΕΝΟΤΣ

52 843 320 898 Ἀστεροπαῖον
345 842 559 894 περιδέξιος
584 841 630 880 τὰ
654 842 708 888 εἰς
728 842 868 894 λόγους
888 840 943 880 ὢν
962 842 1170 893 πρωτεύεις
1189 841 1261 893 μὲν
1280 841 1323 881 ἐν
1342 848 1387 895 τῇ

47 908 244 962 Ῥωμαίων
263 915 379 963 φωνῇ
399 907 465 947 καὶ
483 914 552 959 τῆς
570 904 662 958 παρ’
683 906 846 953 ἐκείνοις
865 907 1043 953 παιδείας
1070 905 1390 959 ὁμολογουμένως

8 996 9 1002 ¹
55 975 95 1015 τὸ
115 975 318 1027 πρεσβεῖον
338 967 545 1029 ἀνῄρησαι,
565 971 716 1023 ἀμελεῖς
736 967 771 1010 δ’
790 970 881 1011 οὐδὲ
901 968 1227 1022 τῆςἙλληνικῆς,
1242 971 1305 1010 ἅτε
1325 971 1389 1010 καὶ

21 1056 35 1082 5
55 1039 96 1079 ἐν
114 1039 210 1094 αὐτῇ
230 1038 296 1077 διὰ
315 1037 356 1077 τὸ
376 1044 445 1089 τῆς
465 1037 620 1088 φύσεως
641 1036 806 1089 μέγεθος
825 1036 1022 1088 ὑπερέχειν
1043 1036 1275 1087 δυνάμενος,
1295 1035 1390 1075 ἀλλὰ

0 1116 11 1146 ·’,
55 1105 143 1157 περί
164 1119 202 1143 τε
228 1103 319 1150 τοὺς
345 1101 485 1150 ἄλλους
519 1102 726 1154 διατρίβεις
757 1100 822 1140 καὶ
849 1100 936 1154 περὶ
968 1101 1035 1141 τὸν
1060 1101 1289 1140 τελεώτατον
1313 1107 1391 1139 τῶν

10 1163 11 1210 J
50 1165 288 1220 Ἑλληνικῶν
307 1168 497 1220 ῥητόρων,
518 1167 586 1206 τὸν
606 1165 885 1217 Δημοσθένην,
911 1165 976 1205 καὶ
1002 1166 1052 1217 δὴ
1074 1166 1138 1205 καὶ
1157 1164 1258 1216 ἡμᾶς
1278 1164 1391 1217 ἐβου-

10 1239 12 1261 ³
55 1234 182 1285 λήθης
215 1233 280 1280 τὰς
312 1231 523 1279 ὑποθέσεις
553 1238 631 1270 τῶν
662 1232 801 1270 τούτου
827 1231 953 1283 λόγων
979 1230 1291 1283 ἀναγράψασθαί
1314 1241 1390 1269 σοι·

57 1299 246 1351 δεχόμεθα
272 1296 342 1349 μὲν
368 1296 530 1348 ἅσμενοι
555 1297 596 1336 τὸ
617 1296 844 1349 πρόσταγμα
863 1292 993 1349 (ἴσμεν
1012 1295 1084 1348 γὰρ
1105 1296 1162 1334 ὅτι
1181 1296 1299 1335 πλείω
1319 1295 1391 1345 τὴν

12 1381 39 1406 ,ο
56 1363 170 1415 τιμὴν
195 1362 220 1415 ἢ
246 1363 372 1402 πόνον
397 1358 504 1415 ἔχει),
536 1361 735 1412 ἀρξόμεθα
767 1360 808 1399 δὲ
833 1368 902 1400 τοῦ
930 1361 1195 1413 συντάγματος
1219 1360 1296 1400 ἀπὸ
1322 1366 1392 1399 τοῦ

13 1432 37 1467 2
57 1429 145 1481 βίου
174 1433 242 1467 τοῦ
275 1427 451 1479 ῥήτορος,
483 1426 554 1478 οὐχ
585 1427 676 1466 ὅλον
708 1425 828 1464 αὐτὸν
857 1421 1073 1479 διεξιόνῖτες
1100 1422 1295 1478 (περιττὸν
1319 1424 1392 1477 γὰρ

56 1490 201 1547 τοῦτο),
220 1492 316 1532 ἀλλὰ
328 1493 525 1531 τοσούτων
539 1492 861 1543 μνημονεύοντες,
882 1490 954 1529 ὅσα
967 1491 1077 1529 δοκεῖ
1087 1489 1152 1529 καὶ
1165 1490 1263 1543 πρὸς
1276 1489 1392 1528 κατά-

58 1561 179 1609 ληψιν
203 1556 477 1609 ἀκριβεστέραν
501 1563 578 1595 τῶν
604 1556 729 1607 λόγων
754 1558 959 1595 συντελεῖν.

116 1622 364 1674 Δημοσθένει
388 1622 524 1661 τοίνυν
549 1625 599 1675 τῷ
627 1621 762 1673 ῥήτορι
792 1620 917 1671 πατὴρ
943 1615 996 1672 ἦν
1021 1619 1300 1670 Δημοσθένης,
1325 1619 1392 1659 ἄν·
1413 1629 1432 1658 2

16 1703 39 1728 ,5
59 1689 264 1738 επίληπτος
294 1690 344 1741 τῷ
365 1686 468 1739 γένει
493 1687 635 1735 δοκῶν,
667 1684 719 1733 ὡς
746 1684 812 1724 καὶ
839 1686 1027 1737 Αἰσχίνης
1051 1685 1192 1736 ἐχθρὸς
1218 1683 1273 1723 ὧν
1299 1701 1395 1736 μαρ-

59 1812 110 1868 ἧν
124 1816 386 1868 Δημοσθένης
406 1814 426 1855 ὅ
442 1816 671 1865 Παιανιεύς,
691 1814 792 1867 ἀνὴρ
812 1814 1033 1867 ἐλεύθερος·
1060 1814 1107 1854 οὐ
1127 1814 1200 1867 γὰρ
1221 1815 1284 1853 δεῖ
1298 1815 1393 1863 ψεύ-

61 1879 256 1935 δεσθαι“)·
304 1881 555 1934 ἐργαστήριον
588 1878 623 1919 δ’
654 1880 812 1919 οἰκετῶν
844 1886 1134 1932 μαχαιροποιῶν
1164 1877 1396 1930 κεκτημένος

25 2027 40 2051 o
61 2015 236 2067 μητρῷον
260 2010 371 2064 γένος
396 2017 466 2050 τοῦ
492 2011 653 2062 ῥήτορος
674 2010 746 2049 οὐκ
768 2005 833 2060 ἦν,
859 2009 911 2056 ὥς
932 2020 1042 2060 φασι,
1068 2013 1254 2059 καθαρῶς
1275 2005 1395 2047 Ἀττι-

60 2075 143 2126 κόν,
162 2076 345 2123 Γύλωνος
369 2083 438 2115 τοῦ
463 2076 626 2114 πάππου
652 2080 722 2114 τοῦ
741 2074 1028 2125 Λημοσθένους
1048 2074 1245 2126 φυγόντος
1267 2072 1338 2125 μὲν
1359 2073 1396 2120 ἐξ

56 2137 240 2191 Ἀθηνῶν
270 2140 332 2180 ε’πὶ
364 2141 575 2192 προδοσίας
607 2138 832 2191 ἐγκλήματι,
867 2139 1100 2189 οἰκήσαντος
1134 2137 1175 2177 δὲ
1209 2138 1296 2190 περὶ
1330 2138 1397 2177 τὸν

61 2205 216 2244 Πόντον
247 2204 363 2244 κάκεῖ
392 2201 547 2257 γυναῖκ’
577 2203 821 2256 ἀγαγομένου
853 2204 1013 2242 Σκύθιν
1043 2203 1084 2242 τὸ
1116 2203 1242 2255 γένος,
1280 2203 1318 2250 ἐξ
1350 2198 1398 2253 ἧς

60 2264 111 2321 ἧν
130 2275 198 2308 τοῦ
212 2269 500 2321 Δημοσθένους
517 2267 540 2320 ἡ
563 2269 688 2321 μήτηρ
702 2268 941 2320 Κλεοβούλη.
968 2269 1022 2315 εἰς
1042 2275 1154 2307 τοῦτο
1173 2274 1271 2320 γοῦν
1290 2267 1398 2307 ἄλλοι

129 2342 299 2376 Daton-tn„
313 2343 378 2368 Vol.
387 2344 402 2368 1
1191 2339 1208 2368 1

6 779 48 813 ’-1
106 777 282 831 Ἐπειδή,
310 773 478 830 κράτιστ’
501 776 746 816 ἀνθυπάτων
773 777 936 827 Μόντιε,
960 776 1058 817 κατὰ
1083 777 1151 816 τὸν
1176 774 1387 829 Ὁμηρικὸν
1398 784 1531 812 ΙΙ-Φιῦὸ

59 1757 169 1805 τυρεῖ
195 1749 360 1806 (εἴρηται
391 1758 489 1804 γοῦν
520 1751 643 1798 οὕτως
669 1750 801 1797 αὐτοῖς
827 1750 972 1802 ῥήμασι
997 1751 1145 1805 ,,τούτῳ
1171 1749 1297 1802 πατὴρ
1325 1748 1394 1799 μὲν
1414 1758 1462 1782 ΙΠ
1474 1758 1523 1784 1⁷1

61 1945 242 1986 ἐντεῦθεν
272 1946 344 1998 τὴν
374 1953 443 1986 τοῦ
476 1951 824 1998 μαχαιροποιοῦ
856 1947 994 1996 κλῆσιν
1025 1944 1146 1996 ἔλαβε.
1190 1944 1232 1983 τὸ
1265 1944 1396 1995 μέντοι
1415 1947 1522 2008 ῧθὲἓδ-
