1689 2531
132 469 151 499 3

177 100 233 142 52
661 101 1033 134 ΔΗΜΟΣΘΕΝΟΤΣ
1477 99 1520 146 [v

177 200 322 251 ταύτην
348 195 443 239 καθ’
474 197 597 251 ἡμῶν,
626 199 683 239 ὅτι
709 199 823 250 μόνοι
848 203 928 246 τοῖς
954 205 1031 237 τῶν
1049 194 1347 249 Ἀμφικτυόνων
1373 197 1522 237 ἐνιστά-

178 270 281 316 μεθα
308 265 516 326 δόγμασιν·
550 265 643 303 ὥστε
669 265 826 303 κάλλιον
852 280 923 314 την
948 279 1110 316 ειρηνην
1136 267 1282 316 τηρεῖν,
1314 262 1378 301 καὶ
1404 269 1524 301 ταῦτα

180 332 379 369 Φιλίππου
401 330 718 409 παρεληλυθότος
739 330 827 369 εἴσω
850 332 995 367 Πυλῶν
1015 328 1080 367 καὶ
1100 327 1279 367 ἐπελθεῖν
1300 326 1523 379 δυναμένου

178 403 221 450 τῆ
245 392 410 451 Ἀττικῇ,
437 394 462 447 ἢ
488 394 575 445 περὶ
601 402 742 447 μικροῦ
768 397 997 444 τηλικοῦτον
1022 394 1212 432 κίνδυνον
1238 391 1423 445 ἄρασθαι.

241 458 366 507 Οὗτος
393 457 479 499 δ’ὁ
501 460 614 512 λόγος
639 460 957 510 παρεσκευάσθαι
977 458 1060 509 μέν,
1088 458 1135 497 οὐ
1156 458 1234 508 μὴν
1255 458 1441 509 εἰρῆσθαί
1458 472 1524 509 μοι

34 517 295 566 ΧΙΧΙΙΖ”δοκει”.
334 533 561 578 κατηγορῶν
586 525 658 577 γὰρ
686 524 705 564 ὁ
732 525 859 576 ῥήτωρ
886 524 1075 575 Αἰσχίνου
1102 522 1166 562 καὶ
1191 530 1304 562 τοῦτο
1331 523 1421 575 μετὰ
1447 529 1524 561 τῶν

130 1559 148 1588 :0

177 591 304 630 ἄλλων
325 591 446 630 αὑτοῦ
469 590 712 642 διαβάλλει,
699 591 756 629 ότι
777 589 1032 640 συνεβούλευε
1056 589 1255 627 Φίλιππον
1271 583 1520 639 Ἀμφικτύον

177 654 278 696 εἶναι
303 668 354 706 ww
344 658 575 707 ηφίσασθαι,
603 655 771 706 μηδενὸς
797 654 914 693 ἄλλου
941 657 1159 705 τολμῶντος
1184 649 1289 692 τοῦτ’
1318 653 1524 732 εἰσηγησα-

179 726 287 771 σθαι,
308 721 406 773 μηδὲ
424 721 690 772 Φιλοκράτους
709 727 777 759 τοῦ
798 720 957 758 πάντων
976 718 1264 758 ἀναιδεστάτου.
1292 717 1364 757 οὐκ
1383 733 1432 756 αν
1452 719 1524 757 οὐν

178 787 294 834 αὐτὸς
327 802 372 825 πε
358 786 414 839 ερὶ
446 787 594 825 τούτων
621 784 967 837 συμβεβουλευκὼς
993 784 1060 823 τὸν
1087 784 1279 835 Αἰσχίνην
1304 779 1363 822 ἐπ’
1393 782 1526 830 αὐτοις

178 852 392 903 διέβαλλεν,
419 851 512 890 ἀλλὰ
535 851 717 902 δηλονότι
737 851 808 902 τὴν
829 849 1021 888 ὑπόνοιαν
1041 849 1174 899 ἔδεισε,
1202 848 1253 899 μὴ
1276 848 1369 904 δόξῃ
1391 851 1525 899 φιλιπ-

177 919 301 964 πίζειν
327 917 392 956 καὶ
418 917 609 969 χρήμασιν
636 915 712 954 ὑπὸ
733 922 801 955 τοῦ
821 913 1008 967 βασιλέως
1028 913 1203 960 πεισθεὶς
1222 914 1407 964 τοιαύτην
1425 914 1526 966 γνώ-

179 999 258 1034 μην
290 982 594 1033 ἀποφήνασθαι,
627 980 707 1020 ἐπεὶ
740 980 805 1020 καὶ
838 979 878 1019 ε’ν
911 985 962 1036 τῷ
993 980 1092 1035 λόγῳ
1118 979 1215 1032 πρὸς
1240 979 1424 1029 τοιαύτην
1449 974 1524 1017 τιν’

179 1048 374 1087 ὑπόνοιαν
400 1048 604 1098 ἱστάμενος
630 1047 824 1097 φαίνεται,
856 1045 1039 1092 συνιστὰς
1065 1044 1205 1084 ἑαυτὸν
1232 1042 1284 1091 ὡς
1310 1042 1455 1082 εὔνουν
1481 1050 1525 1097 τῇ

177 1113 285 1152 πόλει
310 1113 375 1152 καὶ
401 1112 715 1163 ἀδωροδόκητον.

230 1191 341 1247 Ὁρῶ
375 1193 455 1246 μὲν
493 1189 525 1233 ὦ
558 1192 714 1246 ἄνδρες
738 1189 962 1245 Ἀθηναῖοι
995 1190 1047 1232 τὰ
1078 1190 1274 1244 παρόντα
1299 1188 1528 1243 πράγματα

177 1265 344 1319 πολλὴν
366 1264 605 1305 δυσκολίαν
626 1261 780 1318 ἔχοντα
800 1262 871 1303 καὶ
891 1261 1083 1316 ταραχὴν
1099 1260 1150 1302 οὐ
1165 1261 1303 1313 μόνον
1316 1264 1375 1317 τῷ
1389 1260 1526 1301 πολλὰ

175 1339 410 1390 προεῖσθαι
437 1335 508 1376 καὶ
534 1335 671 1388 μηδὲν
699 1328 810 1375 εἶναι
837 1333 1062 1387 προῦργου
1090 1331 1189 1386 περὶ
1215 1331 1360 1373 αὐτῶν
1386 1327 1434 1372 εὖ
1462 1329 1528 1372 λε’-

175 1423 283 1461 γειν,
303 1406 412 1448 ἀλλὰ
432 1407 503 1447 καὶ
523 1406 621 1459 περὶ
641 1412 729 1446 τῶν
749 1404 1003 1445 ὑπολοίπων
1023 1403 1130 1444 κατὰ
1150 1402 1285 1444 ταύτὰ
1299 1401 1407 1456 μηδὲ
1420 1399 1521 1443 καθ’

176 1478 224 1519 ἓν
258 1479 306 1520 τὸ
343 1477 570 1532 συμφέρον
605 1476 768 1526 πάντας
803 1476 1027 1530 ἡγεῖσθαι,
1061 1473 1170 1515 ἀλλὰ
1201 1481 1290 1523 τοῖς
1322 1473 1402 1526 μὲν
1437 1473 1529 1526 ὡδί,

176 1556 265 1599 τοῖς
298 1547 335 1590 δ’
368 1547 522 1603 ἑτέρως
549 1548 706 1589 δοκεῖν.
740 1547 958 1588 δυσκόλου
986 1543 1022 1587 δ’
1056 1546 1180 1594 ὄντος
1208 1544 1339 1599 φύσει
1365 1544 1436 1585 καὶ
1455 1559 1529 1598 χα-

176 1625 310 1662 λεποῦ
345 1626 423 1662 τοῦ
459 1619 774 1673 βουλεύεσθαι,
809 1615 872 1659 ἔτι
904 1620 1051 1674 πολλῷ
1076 1615 1377 1671 χαλεπώτερον
1408 1614 1529 1667 ὑμεῖς

176 1691 281 1733 αὐτὸ
315 1688 567 1745 πεποιήκατ’
602 1687 634 1731 ὦ
663 1690 819 1743 ἄνδρες
843 1686 1086 1742 Ἀθηναῖοι·
1124 1688 1163 1729 οἱ
1190 1686 1270 1740 μὲν
1296 1687 1378 1740 γὰρ
1405 1686 1529 1727 ἄλλοι

175 1763 332 1811 πάντες
360 1763 593 1816 ἄνθρωποι
618 1762 702 1815 πρὸ
729 1767 817 1802 τῶν
842 1759 1108 1813 πραγμάτων
1135 1757 1318 1800 εἰώθασι
1338 1760 1530 1812 χρῆσθαι

175 1839 235 1891 τῷ
248 1834 557 1887 βουλεύεσθαι,
582 1832 703 1885 ὑμεῖς
732 1832 779 1873 δὲ
804 1832 909 1884 μετὰ
935 1831 987 1871 τὰ
1012 1829 1251 1884 πράγματα.
1286 1827 1332 1869 ἐκ
1358 1828 1405 1869 δὲ
1430 1827 1530 1869 τού-

175 1920 253 1946 του
283 1905 514 1958 συμβαίνει
541 1904 658 1957 παρὰ
684 1903 826 1944 πάντα
852 1902 929 1943 τὸν
955 1902 1118 1956 χρόνον
1145 1900 1197 1941 ὃν
1224 1895 1304 1941 οἷδ’
1332 1897 1428 1954 ἐγώ,
1452 1899 1530 1940 τὸν

175 1976 256 2028 μὲν
288 1969 352 2025 οἷς
392 1974 445 2016 ἂν
479 1971 683 2028 ἁμάρτητ’
722 1970 968 2025 ἐπιτιμῶντ’
1008 1971 1255 2023 εὐδοκιμεῖν
1286 1970 1357 2012 καὶ
1384 1970 1531 2011 δοκεῖν

177 2044 225 2089 εὖ
254 2046 415 2101 λέγειν,
449 2047 501 2087 τὰ
529 2046 576 2087 δὲ
602 2044 834 2099 πράγματα
861 2043 932 2085 καὶ
958 2043 1056 2097 περὶ
1083 2039 1145 2084 ὧν
1170 2038 1432 2095 βουλεύεσθ’
1465 2038 1531 2082 ἐκ-

178 2118 361 2173 φεύγειν
387 2117 508 2170 ὑμᾶς.
543 2116 594 2158 οὐ
622 2116 708 2170 μὴν
735 2114 845 2157 ἀλλὰ
871 2116 1023 2169 καίπερ
1052 2114 1220 2155 τούτων
1247 2112 1383 2161 οὕτως
1410 2109 1531 2166 ε’χόν-

177 2204 264 2230 των
279 2189 423 2241 οἴομαι
438 2188 509 2230 καὶ
529 2181 740 2236 πεπεικὼς
761 2185 949 2239 ἐμαυτὸν
969 2184 1195 2239 ἀνέστηκα,
1221 2183 1275 2225 ἂν
1295 2182 1530 2236 ἐθελήσητε

176 2266 254 2301 τοῦ
293 2262 510 2314 θορυβεῖν
547 2259 619 2301 καὶ
659 2246 906 2313 φιλονικεῖν
944 2256 1207 2304 ἀποστάντες
1246 2254 1528 2312 ἀκούειν,’ὡς

1548 1490 1582 1515 20

1550 1844 1582 1870 25

1549 2199 1583 2225 30

1660 1966 1669 2210 i

1655 2230 1670 2531 ἔ
