1689 2531
172 67 227 109 88
655 66 1029 100 ΔΗΜΟΣΘΕΝΟΤΣ
1426 67 1520 111 [vul

171 165 315 205 πόθεν
340 164 422 218 γὰρ
451 160 590 205 οἴεσθ’
623 163 816 204 ἄλλοθεν
841 162 919 204 τὸν
938 164 1043 216 μήτε
1065 163 1255 216 λαβόντα
1275 159 1373 216 παρ’
1399 161 1523 214 ὑμῶν

172 235 309 289 μηδὲν
334 231 430 288 μήτ’
463 234 599 275 αὐτὸν
625 231 772 288 ἔχονθ’
806 233 975 275 ὁπόθεν
1000 233 1326 288 μισθοδοτήσει,
1353 243 1525 288 στρατι-

173 307 282 356 ώτας
308 305 506 360 τρέφεινς
535 303 581 346 ἐκ
600 310 678 346 τοῦ
700 304 914 358 οὐρανοῦ;
941 304 1021 346 οὐκ
1042 302 1133 346 ἔστι
1152 310 1300 359 ταῦτα,
1326 301 1417 346 ἀλλ’
1444 294 1518 359 ἀφ’

173 374 235 419 ὧν
247 376 410 431 ἀγείρει
422 376 493 418 καὶ
507 383 734 431 προσαιτεῖ
747 376 818 417 καὶ
830 377 1080 431 δανείζεται,
1098 375 1181 417 ἀπὸ
1193 376 1362 418 τούτων
1374 375 1526 431 διάγει.

103 459 145 489 27
173 448 306 490 οὐδὲν
327 445 408 490 οὖν
420 448 525 489 ἄλλο
546 453 753 489 ποιοῦσιν
773 448 813 488 οἱ
835 453 1179 501 κατηγοροῦντες
1201 445 1249 488 ἐν
1262 446 1526 502 ὑμῖνῆπρο-
1547 463 1562 490 5

173 519 379 573 λέγουσιν
406 519 568 560 ἅπασιν
593 516 690 572 μηδ’
718 517 870 559 ὁτιοῦν
897 516 1046 575 ἐκείνῳ
1069 518 1255 572 διδόναι,
1281 518 1337 567 ὡς
1357 518 1428 559 καὶ
1448 523 1526 560 τοῦ

172 594 380 644 μελλῆσαι
402 590 589 631 δώσοντι
611 590 750 644 δίκην,
769 590 826 642 μή
848 605 888 630 τι
908 590 1142 642 ποιήσαντί
1159 588 1198 643 γ’
1217 587 1528 643 ἢκαταπραξα-

171 660 299 718 μένῳ.
319 658 435 702 τοῦτ’
463 661 575 702 εἰσὶν
595 661 635 702 οἱ
658 661 798 714 λόγοι·
817 660 987 715 ,,με’λλει
1002 663 1254 715 πολιορκεῖν
1267 657 1528 714 vobs-''Elinq—

172 749 263 787 νας,
278 731 547 774 ἐκδίδωσιν.“
574 731 692 784 μέλει
712 731 794 786 γάρ
810 747 897 773 τινι
917 732 1087 773 τούτων
1106 738 1195 773 τῶν
1213 729 1446 785 τὴνἈσίαν
1466 732 1528 772 οῖ-

171 800 622 856 κούντωνἙλλήνωνς
643 802 848 855 ἀμείνους
868 802 1030 854 μέντᾶν
1051 798 1140 844 εἷεν
1153 810 1242 844 τῶν
1256 803 1401 843 ἄλλων
1414 801 1440 856 ἢ
1454 808 1529 855 τῆς
1550 819 1583 844 ιο

103 885 146 915 28
172 875 380 928 πατρίδος
401 875 627 927 κήδεσθαι.
659 873 731 914 καὶ
757 874 805 914 τό
831 870 870 927 γ’
903 875 962 923 εἷς
989 874 1067 914 τὸν
1094 874 1417 927 Ἑλλήσποντον
1443 874 1529 915 εἰσ-

175 946 360 997 πέμπειν
402 944 553 999 ἕτερον
595 945 840 999 στρατηγὸν
880 943 996 986 τοῦτ’
1045 943 1175 986 ἐστίν.
1227 945 1264 986 εἰ
1296 945 1378 999 γὰρ
1407 944 1530 986 δεινὰ

174 1023 290 1058 ποιεῖ
315 1017 562 1070 Διοπείθης
588 1015 659 1057 καὶ
686 1015 862 1070 κατάγει
889 1016 941 1056 τὰ
967 1018 1110 1070 πλοῖα,
1129 1016 1286 1070 μικρὸν
1313 1012 1346 1056 ὦ
1373 1015 1530 1069 ἄνδρες

165 1085 391 1141 Ἀθηναῖοι
417 1088 574 1141 μικρὸν
601 1086 806 1128 πινάκιον
826 1092 962 1128 ταῦτα
981 1086 1122 1128 πάντα
1143 1089 1335 1127 κωλῦσαι
1357 1084 1523 1128 δύναιτ’

175 1159 241 1212 ἄν,
261 1158 331 1199 καὶ
354 1157 559 1211 λέγουσιν
579 1158 619 1199 οἱ
640 1159 781 1212 νόμοι,
809 1156 814 1214 l
842 1164 977 1199 ταῦτα
996 1159 1098 1207 τοὺς
1113 1157 1372 1206 ἀδικοῦντας
1388 1159 1531 1210 εῖσαγ-
1551 1161 1598 1196 97

174 1229 365 1284 γέλλειν,
406 1229 457 1271 οὐ
494 1230 552 1281 μὰ
579 1230 667 1271 Δία
710 1229 923 1278 δαπάναις
958 1230 1031 1270 καὶ
1065 1231 1261 1284 τριήρεσι
1300 1229 1530 1278 τοσαύταις
1552 1245 1584 1271 16

178 1302 283 1355 ἡμᾶς
317 1300 476 1349 αὐτοὺς
512 1300 768 1354 φυλάττειν,
801 1299 892 1341 ἐπεὶ
929 1301 1059 1342 τοῦτό
1086 1299 1126 1354 γ’
1159 1298 1278 1341 ἐστὶν
1310 1300 1531 1355 ὑπερβολὴ

105 1383 147 1413 ⁴29
175 1373 349 1424 μανίας·
377 1369 468 1412 ἀλλ’
502 1370 571 1412 ἐπὶ
597 1371 677 1424 μὲν
703 1373 804 1421 τοὺς
832 1370 1033 1426 ἐχθρούς,
1059 1371 1135 1421 οὓς
1163 1371 1243 1413 οὐκ
1269 1369 1360 1412 ἔστι
1381 1372 1533 1423 λαβεῖν

175 1443 260 1484 ὑπὸ
295 1450 385 1492 τοῖς
420 1444 590 1497 νόμοις,
624 1442 695 1484 καὶ
729 1442 991 1497 στρατιώτας
1026 1442 1205 1497 τρέφειν
1237 1443 1308 1483 καὶ
1343 1443 1532 1495 τριήρεις

177 1513 409 1567 ἐκπέμπειν
429 1514 500 1555 καὶ
520 1513 699 1568 χρήματ’
724 1513 946 1568 εἰσφέρειν
967 1515 1034 1555 δεῖ
1052 1514 1124 1555 καὶ
1145 1513 1387 1567 ἀναγκαῖόν
1401 1511 1533 1566 ἐστιν,
1553 1528 1586 1553 20

177 1584 246 1626 ἐπὶ
267 1583 304 1626 δ’
331 1586 439 1639 ἡμᾶς
467 1585 626 1634 αὐτοὺς
653 1586 870 1639 ψήφισμα,
899 1586 1159 1640 εἰσαγγελία,
1184 1584 1389 1639 πάραλος,
1408 1581 1526 1625 ταῦτ’

178 1656 308 1698 ἐστίν.
341 1654 460 1698 ταῦτ’
499 1653 553 1710 ἦν
587 1654 635 1698 εὖ
664 1657 956 1711 φρονούντων
981 1655 1252 1711 ἀνθρώπων,
1279 1654 1533 1709 ἐπηρεαζόν-

176 1745 264 1770 των
291 1728 338 1769 δὲ
358 1727 429 1769 καὶ
452 1728 810 1782 διαφθειρόντων
830 1727 882 1769 τὰ
902 1725 1124 1781 πράγμαθ’
1145 1727 1170 1768 ἃ
1190 1732 1276 1768 νῦν
1296 1723 1419 1768 οὗτοι
1438 1740 1533 1768 ποι-

107 1809 149 1840 3)
178 1806 317 1842 οὖσιν.
350 1800 420 1840 καὶ
438 1800 486 1840 τὸ
507 1799 587 1851 μὲν
607 1799 777 1840 τούτων
796 1799 917 1848 τινὰς
939 1794 1052 1840 εἶναι
1072 1798 1299 1847 τοιούτους
1321 1797 1470 1839 δεινὸν
1482 1797 1534 1839 ὃν

179 1871 230 1912 οὐ
247 1872 396 1913 δεινόν
412 1869 542 1912 ἐστιν·
558 1868 650 1911 ἀλλ’
670 1870 792 1922 ὑμεῖς
808 1871 848 1912 οἱ
863 1872 1109 1923 καθήμενοι
1124 1869 1261 1918 οὕτως
1275 1870 1358 1923 ἤδη
1374 1868 1533 1910 διάκει-
1554 1884 1587 1909 25

179 1946 274 1996 σθε,
288 1939 401 1996 ὥστ’,
415 1941 469 1982 ἂν
483 1941 562 1993 μέν
576 1957 639 1990 τις
656 1941 752 1997 εἴπῃ
764 1941 1001 1995 παρελθὼν
1013 1941 1079 1982 ὅτι
1089 1942 1333 1994 Διοπείθης
1346 1938 1435 1981 ἐστὶ
1446 1946 1534 1981 τῶν

179 2021 324 2055 κακῶν
344 2013 522 2054 πάντων
549 2013 685 2061 αἴτιος
705 2012 729 2066 ἢ
751 2012 898 2066 Χάρης
919 2012 943 2066 ἢ
962 2009 1233 2067 Ἀριστοφῶν
1252 2011 1277 2066 ἢ
1300 2011 1352 2053 ὃν
1373 2010 1427 2052 ἂν
1446 2018 1535 2052 τῶν

179 2088 371 2126 πολιτῶν
398 2084 495 2141 εἴπῃ
521 2100 599 2138 τις,
624 2083 790 2133 εὐθέως
818 2083 928 2137 φατὲ
953 2083 1025 2124 καὶ
1051 2081 1287 2138 θορυβεῖθ’
1308 2082 1364 2132 ὡς
1388 2081 1534 2136 ὀρθῶς

110 2165 151 2196 31
182 2155 314 2209 λέγει·
353 2154 407 2196 ἂν
434 2155 481 2196 δὲ
519 2155 757 2209 παρελθὼν
790 2153 892 2212 λέγῃ
924 2170 988 2204 τις
1014 2153 1204 2209 τάληθῆ,
1242 2154 1307 2196 ὅτι
1333 2150 1536 2208 ,,ληρεῖτ’,

173 2225 414 2280 Ἀθηναῖοι·
441 2226 617 2267 πάντων
643 2233 731 2267 τῶν
757 2233 902 2267 κακῶν
928 2225 999 2266 καὶ
1025 2232 1113 2267 τῶν
1144 2224 1410 2280 πραγμάτων
1435 2224 1534 2266 τού-
1554 2239 1588 2264 so
