1689 2531
112 544 125 572 1

117 2037 135 2066 10

142 2037 158 2066 [Ο

134 546 151 572 9

182 79 265 121 166
671 80 1043 114 ΔΗΜΟΣΘΕΝΟΤΣ
1439 81 1524 125 [XIV

178 191 266 231 τας,
298 177 405 218 κατὰ
436 176 877 218 πεντεκαιδεκαναΐαν
909 176 1045 218 εἴκοσι
1076 181 1254 229 ποιῆσαι
1286 175 1407 230 μέρη,
1437 178 1526 218 τ’ῶν

179 247 364 302 πρώτων
397 246 552 289 ἑκατὸν
582 246 722 302 πέντε,
753 247 825 288 καὶ
850 254 938 289 τῶν
964 246 1182 301 δευτέρων
1208 245 1362 288 ἑκατὸν
1387 246 1527 302 πέντε,

178 318 249 359 καὶ
288 326 376 359 τῶν
414 319 573 372 τρίτων
612 316 766 359 ἑκατὸν
797 315 924 359 πένθ’
948 315 1132 375 Ιὲκάστω
1166 317 1285 372 μέρει
1312 317 1527 372 διδόντας,
1549 322 1623 357 183

179 384 269 431 εἶτα
297 392 601 444 συγκληρῶσαι
629 390 848 446 συμμορία
875 389 1084 441 σωμάτων
1105 387 1260 445 ἑκάστῃ
1280 388 1360 443 τὴν
1379 402 1527 430 πεντε-

179 461 502 514 καιδεκαναΐαν,
532 461 612 514 τὴν
639 459 687 501 δὲ
714 462 960 514 συμμορίαν
987 459 1149 516 ἑκάστῳ
1176 464 1234 516 τῷ
1255 458 1374 514 μέρει
1401 467 1528 513 σφῶν

180 531 326 573 αὐτῶν
346 538 459 586 τρεῖς
481 530 724 573 ἀποδοῦναι
744 533 944 585 τριήρεις.
978 529 1154 572 ἐπειδὰν
1175 531 1223 572 δὲ
1239 528 1368 572 ταῦθ’
1390 530 1527 581 οὕτως

179 600 328 657 ἔχονθ’
354 602 539 659 ὑπάρχῃ,
558 602 733 657 κελεύω,
753 600 900 656 ἐπειδὴ
921 603 969 643 τὸ
990 599 1133 656 τίμημ’
1153 599 1272 642 ἐστὶν
1291 607 1366 654 τῆς
1386 601 1527 656 χώρας

181 672 481 728 ἑξακισχιλίων
506 673 744 728 ταλάντων,
769 671 825 715 ἵν’
857 673 962 725 ὑμῖν
987 673 1059 714 καὶ
1084 673 1136 714 τὰ
1161 669 1338 728 χρήματ’
1371 667 1398 731 ᾗ
1425 683 1528 714 συν-

180 743 436 798 τεταγμένα,
481 745 642 786 διελεῖν
685 750 815 786 τοῦτο
852 744 923 785 καὶ
961 750 1139 797 ποιῆσαι
1176 740 1276 785 καθ’
1322 741 1529 797 ἑξήκοντα

180 813 364 857 τάλανθ’
400 814 554 857 ἑκατὸν
580 815 700 870 μέρη,
727 811 817 857 εἶτα
842 812 970 856 πένθ’
1003 813 1442 869 ἑξηκονταταλαντίας
1469 815 1529 864 εἰς

181 885 368 940 ἑκάστην
393 894 482 928 τῶν
507 886 708 940 μεγάλων
733 894 823 928 τῶν
849 887 985 928 εἴκοσι
1012 892 1266 940 συμμοριῶν
1293 884 1529 940 ἐπικληρῶ-

182 969 267 1012 σαι,
298 959 379 1012 τὴν
406 957 453 999 δὲ
480 959 727 1011 συμμορίαν
754 956 916 1014 ἑκάστῳ
944 964 1032 998 τῶν
1057 965 1202 1011 μερῶν
1227 957 1329 1009 μίαν
1357 954 1530 1010 ἑξηκον-

182 1030 472 1070 ταταλαντίαν
503 1027 760 1083 ἀποδοῦναι,
792 1029 919 1083 ὅπως,
951 1028 1005 1069 ἂν
1037 1028 1117 1080 μὲν
1142 1028 1248 1080 ὑμῖν
1274 1026 1428 1069 ἑκατὸν
1455 1026 1531 1085 δέῃ

180 1102 384 1154 τριήρων,
415 1100 495 1154 τὴν
526 1099 606 1151 μὲν
639 1100 839 1154 δαπάνην
872 1098 1078 1153 ἑξήκοντα
1109 1099 1300 1141 τάλαντα
1333 1101 1532 1154 συντελῇ,

181 1172 434 1225 τριήραρχοι
461 1169 500 1211 δ’
532 1167 641 1212 ὦσιν
667 1170 887 1225 δώδεκα,
874 1171 927 1212 ἂν
954 1171 1002 1212 δὲ
1023 1171 1270 1225 διακοσίων,
1296 1169 1530 1224 τριάκοντα

181 1242 261 1294 μὲν
287 1244 313 1300 ῂ
339 1242 529 1284 τάλαντα
555 1258 635 1296 την
663 1242 862 1296 δαπάνην
890 1245 1197 1296 συντελοῦντα,
1223 1239 1265 1291 ἓξ
1287 1241 1336 1282 δὲ
1357 1240 1531 1293 σώματα

181 1320 542 1368 τριηραρχοῦντα,
569 1311 644 1354 εὰν
671 1313 719 1354 δὲ
738 1314 1012 1367 τριακοσίων,
1039 1313 1175 1354 είκοσι
1195 1312 1275 1364 μὲν
1295 1306 1320 1370 ἧ
1341 1311 1531 1353 τάλαντα

183 1385 263 1438 τὴν
300 1385 500 1438 δαπάνην
536 1385 786 1438 διαλύοντα,
819 1384 1001 1438 τέτταρα
1037 1384 1085 1425 δε
1121 1384 1295 1435 σωματα
1328 1398 1532 1437 τριηραρ-

183 1462 356 1510 χοῦντα.
400 1457 478 1497 τὸν
509 1455 645 1497 αὐτὸν
671 1455 719 1496 δὲ
745 1457 909 1509 τρόπον
934 1456 1005 1496 καὶ
1030 1455 1083 1496 τὰ
1108 1460 1193 1496 νῦν
1220 1452 1466 1508 ὀφειλόμεν’
1499 1450 1532 1494 ὦ

183 1527 339 1581 άνδρες
361 1526 581 1580 Ἀθηναῖοι
608 1534 696 1568 τῶν
723 1534 893 1568 σκευῶν
919 1525 987 1567 ε’πι
1013 1527 1087 1575 τὰς
1113 1527 1302 1579 τριήρεις
1328 1526 1533 1578 τιμήσαν-

183 1613 257 1647 τας
291 1597 445 1639 ἅπαντ’
485 1596 530 1639 ἐκ
568 1604 646 1639 τοῦ
687 1598 1008 1652 διαγράμματος
1046 1604 1189 1649 νεῖμαι
1228 1596 1388 1638 κελεύω
1427 1595 1533 1650 μέρη

186 1669 363 1723 εἴκοσιν,
401 1667 547 1710 ἔπειτα
584 1676 677 1718 ταῖς
709 1670 915 1723 μεγάλαις
948 1667 1241 1723 ἐπικληρῶσαι
1276 1668 1534 1720 συμμορίαις

185 1739 313 1793 μέρος
353 1740 400 1781 ἓν
436 1743 636 1795 χρήστων
671 1739 840 1797 ἑκάστῃ,
879 1740 958 1794 τὴν
992 1740 1040 1781 δὲ
1072 1740 1318 1792 συμμορίαν
1351 1737 1535 1792 ἑκάστην

187 1812 405 1863 διανεῖμαι
440 1819 529 1853 τῶν
565 1812 696 1865 αὐτῆς
732 1819 876 1865 μερῶν
913 1810 1075 1867 ἑκάστω
1111 1812 1159 1852 τὸ
1199 1810 1310 1865 ἴσον,
1346 1811 1448 1859 τοὺς
1487 1809 1535 1850 δὲ

187 1883 354 1924 δώδεκα
380 1884 482 1932 τοὺς
510 1882 557 1924 ε”ν
585 1881 748 1940 ἑκάστῳ
769 1888 826 1940 τῷ
841 1882 960 1937 μέρει
981 1882 1100 1924 ταῦτ’
1128 1881 1440 1936 εἰσπράξαντας
1459 1881 1534 1929 τὰς

187 1956 387 2008 τριήρεις,
413 1954 461 2003 ἃς
483 1953 536 1995 ἂν
557 1953 729 1995 ἔκαστοι
751 1954 953 2009 λάχωσιν,
978 1951 1385 2008 παρεσκευασμένας
1405 1950 1534 2006 παρέ-

187 2041 291 2080 χειν.
336 2027 416 2079 τὴν
441 2025 521 2078 μὲν
548 2025 749 2079 δαπάνην
774 2026 845 2066 καὶ
870 2025 922 2066 τὰ
949 2024 1093 2078 σκάφη
1120 2024 1191 2065 καὶ
1212 2025 1313 2073 τοὺς
1334 2021 1536 2077 τριηράρ-

187 2113 289 2151 χους
330 2097 399 2138 καὶ
432 2097 512 2150 τὴν
543 2104 632 2138 τῶν
665 2104 834 2138 σκευῶν
867 2095 1092 2149 εἴσπραξιν
1125 2095 1261 2144 οὕτως
1295 2093 1350 2136 ἂν
1381 2090 1530 2148 ἄρισθ’

187 2169 374 2221 ἡγοῦμαι
401 2170 471 2209 καὶ
498 2172 768 2222 πορισθῆναι
794 2168 865 2209 καὶ
891 2170 1330 2220 παρασκευασθῆναι·
1367 2165 1537 2218 πλήρω-

1547 478 1563 504 5

1549 833 1583 858 10

1551 1187 1584 1213 15

1554 1542 1587 1567 20

1555 1897 1587 1923 25

1557 2181 1590 2206 29

1667 2022 1686 2059 18

189 2249 260 2280 σιν
293 2238 350 2293 δ’,
381 2239 406 2293 ἣ
433 2239 504 2280 καὶ
532 2240 672 2293 σαφὴς
698 2237 818 2280 ἔσται
843 2239 914 2280 καὶ
942 2238 1083 2295 ῥᾳδία,
1108 2237 1213 2290 μετὰ
1239 2243 1373 2278 ταῦτα
1390 2234 1394 2293 Ι
1413 2234 1534 2289 λέγω.
1556 2236 1631 2273 184
1654 2262 1655 2265 =
1684 2252 1689 2276 s
