<?xml version="1.0" encoding="UTF-8"?>
<!DOCTYPE html PUBLIC "-//W3C//DTD XHTML 1.0 Transitional//EN"
    "http://www.w3.org/TR/xhtml1/DTD/xhtml1-transitional.dtd">
<html xmlns="http://www.w3.org/1999/xhtml" xml:lang="en" lang="en">
 <head>
  <title>
</title>
<meta http-equiv="Content-Type" content="text/html;charset=utf-8" />
  <meta name='ocr-system' content='tesseract 3.04.00' />
  <meta name='ocr-capabilities' content='ocr_page ocr_carea ocr_par ocr_line ocrx_word'/>
</head>
<body>
  <div class='ocr_page' id='page_1' title='image "./demosthenisorati0101demouoft_0062.png"; bbox 0 0 1689 2531; ppageno 0'>
   <div class='ocr_carea' id='block_1_1' title="bbox 161 0 1671 165">
    <p class='ocr_par' dir='ltr' id='par_1_1' title="bbox 161 0 1671 165">
     <span class='ocr_line' id='line_1_1' title="bbox 161 0 1671 165; baseline -0.002 -12"><span class='ocrx_word' id='word_1_1' title='bbox 161 120 216 161; x_wconf 70' lang='lat'><em>56</em></span> <span class='ocrx_word' id='word_1_2' title='bbox 643 119 1018 154; x_wconf 73' lang='grc' dir='ltr'>ΔΗΜΟΣΘΕΝΟΤΣ</span> <span class='ocrx_word' id='word_1_3' title='bbox 1463 119 1506 165; x_wconf 68' lang='lat' dir='ltr'><em>[v</em></span> <span class='ocrx_word' id='word_1_4' title='bbox 1648 0 1671 149; x_wconf 54' lang='grc' dir='ltr'><em>λ</em></span> 
     </span>
    </p>
   </div>
   <div class='ocr_carea' id='block_1_2' title="bbox 87 176 1678 2332">
    <p class='ocr_par' dir='ltr' id='par_1_2' title="bbox 160 176 1671 318">
     <span class='ocr_line' id='line_1_2' title="bbox 160 176 1671 318; baseline -0.001 -61"><span class='ocrx_word' id='word_1_5' title='bbox 160 215 324 257; x_wconf 79' lang='grc' dir='ltr'><em>οὔκουν</em></span> <span class='ocrx_word' id='word_1_6' title='bbox 349 212 544 270; x_wconf 83' lang='grc' dir='ltr'><em>πρόοιντ’</em></span> <span class='ocrx_word' id='word_1_7' title='bbox 577 214 631 257; x_wconf 74' lang='grc' dir='ltr'><em>ἂν</em></span> <span class='ocrx_word' id='word_1_8' title='bbox 656 215 815 265; x_wconf 81' lang='grc' dir='ltr'><em>αὑτοὺς</em></span> <span class='ocrx_word' id='word_1_9' title='bbox 842 217 901 265; x_wconf 85' lang='grc' dir='ltr'><em>εἰς</em></span> <span class='ocrx_word' id='word_1_10' title='bbox 927 215 1070 270; x_wconf 83' lang='grc' dir='ltr'><em>τοῦτο,</em></span> <span class='ocrx_word' id='word_1_11' title='bbox 1095 215 1151 269; x_wconf 85' lang='grc' dir='ltr'><em>μὴ</em></span> <span class='ocrx_word' id='word_1_12' title='bbox 1172 221 1320 268; x_wconf 78' lang='grc' dir='ltr'><em>κοινῆς</em></span> <span class='ocrx_word' id='word_1_13' title='bbox 1340 221 1414 269; x_wconf 85' lang='grc' dir='ltr'><em>τῆς</em></span> <span class='ocrx_word' id='word_1_14' title='bbox 1434 213 1509 269; x_wconf 79' lang='grc' dir='ltr'><em>ἀρ-</em></span> <span class='ocrx_word' id='word_1_15' title='bbox 1574 217 1576 220; x_wconf 73' lang='grc'>’</span> <span class='ocrx_word' id='word_1_16' title='bbox 1651 176 1671 318; x_wconf 49' lang='lat'><em>⁴¹</em></span> 
     </span>
    </p>

    <p class='ocr_par' dir='ltr' id='par_1_3' title="bbox 92 285 1678 768">
     <span class='ocr_line' id='line_1_3' title="bbox 92 285 1677 343; baseline -0.001 -15"><span class='ocrx_word' id='word_1_17' title='bbox 92 298 133 328; x_wconf 87' lang='lat'><em>16</em></span> <span class='ocrx_word' id='word_1_18' title='bbox 161 293 236 342; x_wconf 82' lang='grc' dir='ltr'><em>χῆς</em></span> <span class='ocrx_word' id='word_1_19' title='bbox 263 287 334 328; x_wconf 80' lang='grc' dir='ltr'><em>καὶ</em></span> <span class='ocrx_word' id='word_1_20' title='bbox 360 293 434 341; x_wconf 85' lang='grc' dir='ltr'><em>τῆς</em></span> <span class='ocrx_word' id='word_1_21' title='bbox 461 288 599 336; x_wconf 79' lang='grc' dir='ltr'><em>αἰτίας</em></span> <span class='ocrx_word' id='word_1_22' title='bbox 626 288 758 340; x_wconf 78' lang='grc' dir='ltr'><em>οὔσης</em></span> <span class='ocrx_word' id='word_1_23' title='bbox 784 292 862 328; x_wconf 90' lang='grc' dir='ltr'><em>τοῦ</em></span> <span class='ocrx_word' id='word_1_24' title='bbox 888 285 1092 339; x_wconf 87' lang='grc' dir='ltr'><em>πολέμου.</em></span> <span class='ocrx_word' id='word_1_25' title='bbox 1125 285 1230 327; x_wconf 83' lang='grc' dir='ltr'><em>οὐδέ</em></span> <span class='ocrx_word' id='word_1_26' title='bbox 1248 285 1287 340; x_wconf 81' lang='grc' dir='ltr'><em>γ’</em></span> <span class='ocrx_word' id='word_1_27' title='bbox 1320 286 1357 327; x_wconf 84' lang='grc' dir='ltr'><em>εἰ</em></span> <span class='ocrx_word' id='word_1_28' title='bbox 1376 285 1509 327; x_wconf 87' lang='grc' dir='ltr'><em>πάλιν</em></span> <span class='ocrx_word' id='word_1_29' title='bbox 1676 337 1677 343; x_wconf 15' lang='lat'>¹</span> 
     </span>
     <span class='ocr_line' id='line_1_4' title="bbox 158 346 1678 415; baseline -0.001 -16"><span class='ocrx_word' id='word_1_30' title='bbox 158 358 266 412; x_wconf 91' lang='grc' dir='ltr'><em>πρὸς</em></span> <span class='ocrx_word' id='word_1_31' title='bbox 291 360 393 407; x_wconf 84' lang='grc' dir='ltr'><em>τοὺς</em></span> <span class='ocrx_word' id='word_1_32' title='bbox 424 359 641 412; x_wconf 79' lang='grc' dir='ltr'><em>Θηβαίους</em></span> <span class='ocrx_word' id='word_1_33' title='bbox 667 359 989 411; x_wconf 75' lang='grc' dir='ltr'><em>πολεμήσαιμεν</em></span> <span class='ocrx_word' id='word_1_34' title='bbox 1021 356 1076 398; x_wconf 88' lang='grc' dir='ltr'><em>δι’</em></span> <span class='ocrx_word' id='word_1_35' title='bbox 1097 354 1297 411; x_wconf 82' lang='grc' dir='ltr'><em>Ὠρωπὸν</em></span> <span class='ocrx_word' id='word_1_36' title='bbox 1315 357 1342 410; x_wconf 78' lang='grc' dir='ltr'><em>ἥ</em></span> <span class='ocrx_word' id='word_1_37' title='bbox 1362 347 1403 398; x_wconf 83' lang='grc' dir='ltr'><em>τι</em></span> <span class='ocrx_word' id='word_1_38' title='bbox 1422 365 1510 398; x_wconf 91' lang='grc' dir='ltr'><em>τῶν</em></span> <span class='ocrx_word' id='word_1_39' title='bbox 1665 346 1678 415; x_wconf 39' lang='lat'><em>2³</em></span> 
     </span>
     <span class='ocr_line' id='line_1_5' title="bbox 160 427 1510 483; baseline -0.001 -13"><span class='ocrx_word' id='word_1_40' title='bbox 160 430 303 483; x_wconf 83' lang='grc' dir='ltr'><em>ἰδίων,</em></span> <span class='ocrx_word' id='word_1_41' title='bbox 339 429 472 471; x_wconf 80' lang='grc' dir='ltr'><em>οὐδὲν</em></span> <span class='ocrx_word' id='word_1_42' title='bbox 506 428 560 470; x_wconf 75' lang='grc' dir='ltr'><em>ἂν</em></span> <span class='ocrx_word' id='word_1_43' title='bbox 596 430 704 483; x_wconf 71' lang='grc' dir='ltr'><em>ἡμᾶς</em></span> <span class='ocrx_word' id='word_1_44' title='bbox 735 433 899 470; x_wconf 78' lang='grc' dir='ltr'><em>παθεῖν</em></span> <span class='ocrx_word' id='word_1_45' title='bbox 932 428 1139 482; x_wconf 83' lang='grc' dir='ltr'><em>ἡγοῦμαι·</em></span> <span class='ocrx_word' id='word_1_46' title='bbox 1177 428 1248 469; x_wconf 84' lang='grc' dir='ltr'><em>καὶ</em></span> <span class='ocrx_word' id='word_1_47' title='bbox 1285 428 1367 482; x_wconf 84' lang='grc' dir='ltr'><em>γὰρ</em></span> <span class='ocrx_word' id='word_1_48' title='bbox 1406 427 1510 481; x_wconf 82' lang='grc' dir='ltr'><em>ἡμῖν</em></span> 
     </span>
     <span class='ocr_line' id='line_1_6' title="bbox 159 495 1545 554; baseline 0 -12"><span class='ocrx_word' id='word_1_49' title='bbox 159 499 374 550; x_wconf 78' lang='grc' dir='ltr'><em>κάκείνοις</em></span> <span class='ocrx_word' id='word_1_50' title='bbox 405 502 507 550; x_wconf 79' lang='grc' dir='ltr'><em>τοὺς</em></span> <span class='ocrx_word' id='word_1_51' title='bbox 534 502 812 554; x_wconf 77' lang='grc' dir='ltr'><em>βοηθοῦντας</em></span> <span class='ocrx_word' id='word_1_52' title='bbox 840 499 894 541; x_wconf 77' lang='grc' dir='ltr'><em>ἂν</em></span> <span class='ocrx_word' id='word_1_53' title='bbox 921 495 1057 553; x_wconf 81' lang='grc' dir='ltr'><em>οἶμαι,</em></span> <span class='ocrx_word' id='word_1_54' title='bbox 1090 500 1150 548; x_wconf 84' lang='grc' dir='ltr'><em>εἷς</em></span> <span class='ocrx_word' id='word_1_55' title='bbox 1175 500 1255 554; x_wconf 82' lang='grc' dir='ltr'><em>τὴν</em></span> <span class='ocrx_word' id='word_1_56' title='bbox 1282 499 1446 540; x_wconf 84' lang='grc' dir='ltr'><em>οἰκείαν</em></span> <span class='ocrx_word' id='word_1_57' title='bbox 1473 498 1513 539; x_wconf 85' lang='grc' dir='ltr'><em>εἴ</em></span> <span class='ocrx_word' id='word_1_58' title='bbox 1530 516 1545 542; x_wconf 83' lang='lat'><strong>5</strong></span> 
     </span>
     <span class='ocr_line' id='line_1_7' title="bbox 158 569 1511 626; baseline -0.001 -13"><span class='ocrx_word' id='word_1_59' title='bbox 158 588 221 621; x_wconf 91' lang='grc' dir='ltr'><em>τις</em></span> <span class='ocrx_word' id='word_1_60' title='bbox 249 569 450 626; x_wconf 77' lang='grc' dir='ltr'><em>ἐμβάλοι,</em></span> <span class='ocrx_word' id='word_1_61' title='bbox 475 574 680 625; x_wconf 83' lang='grc' dir='ltr'><em>βοηθεῖν,</em></span> <span class='ocrx_word' id='word_1_62' title='bbox 705 570 758 613; x_wconf 81' lang='grc' dir='ltr'><em>οὐ</em></span> <span class='ocrx_word' id='word_1_63' title='bbox 787 570 1227 625; x_wconf 76' lang='grc' dir='ltr'><em>συνεπιστρατεύσειν</em></span> <span class='ocrx_word' id='word_1_64' title='bbox 1253 569 1511 624; x_wconf 81' lang='grc' dir='ltr'><em>οὐδετέροις.</em></span> 
     </span>
     <span class='ocr_line' id='line_1_8' title="bbox 158 637 1512 697; baseline -0.002 -13"><span class='ocrx_word' id='word_1_65' title='bbox 158 643 229 684; x_wconf 81' lang='grc' dir='ltr'><em>καὶ</em></span> <span class='ocrx_word' id='word_1_66' title='bbox 255 643 337 697; x_wconf 78' lang='grc' dir='ltr'><em>γὰρ</em></span> <span class='ocrx_word' id='word_1_67' title='bbox 366 643 408 684; x_wconf 80' lang='grc' dir='ltr'><em>αἱ</em></span> <span class='ocrx_word' id='word_1_68' title='bbox 437 643 674 696; x_wconf 77' lang='grc' dir='ltr'><em>συμμαχίαι</em></span> <span class='ocrx_word' id='word_1_69' title='bbox 699 648 859 683; x_wconf 91' lang='grc' dir='ltr'><em>τοῦτον</em></span> <span class='ocrx_word' id='word_1_70' title='bbox 885 639 1033 697; x_wconf 78' lang='grc' dir='ltr'><em>ἔχουσι</em></span> <span class='ocrx_word' id='word_1_71' title='bbox 1059 641 1136 683; x_wconf 90' lang='grc' dir='ltr'><em>τὸν</em></span> <span class='ocrx_word' id='word_1_72' title='bbox 1156 642 1333 695; x_wconf 90' lang='grc' dir='ltr'><em>τρόπον,</em></span> <span class='ocrx_word' id='word_1_73' title='bbox 1359 637 1420 682; x_wconf 79' lang='grc' dir='ltr'><em>ὧν</em></span> <span class='ocrx_word' id='word_1_74' title='bbox 1439 640 1512 681; x_wconf 84' lang='grc' dir='ltr'><em>καὶ</em></span> 
     </span>
     <span class='ocr_line' id='line_1_9' title="bbox 160 709 1509 768; baseline -0.002 -13"><span class='ocrx_word' id='word_1_75' title='bbox 160 715 439 768; x_wconf 90' lang='grc' dir='ltr'><em>φροντίσειεν</em></span> <span class='ocrx_word' id='word_1_76' title='bbox 466 713 520 754; x_wconf 72' lang='grc' dir='ltr'><em>ἄν</em></span> <span class='ocrx_word' id='word_1_77' title='bbox 540 728 617 767; x_wconf 90' lang='grc' dir='ltr'><em>τις,</em></span> <span class='ocrx_word' id='word_1_78' title='bbox 642 713 712 754; x_wconf 87' lang='grc' dir='ltr'><em>καὶ</em></span> <span class='ocrx_word' id='word_1_79' title='bbox 733 714 780 755; x_wconf 92' lang='grc' dir='ltr'><em>τὸ</em></span> <span class='ocrx_word' id='word_1_80' title='bbox 801 718 977 767; x_wconf 79' lang='grc' dir='ltr'><em>πρᾶγμα</em></span> <span class='ocrx_word' id='word_1_81' title='bbox 999 713 1130 766; x_wconf 80' lang='grc' dir='ltr'><em>φύσει</em></span> <span class='ocrx_word' id='word_1_82' title='bbox 1149 713 1352 753; x_wconf 90' lang='grc' dir='ltr'><em>τοιοῦτόν</em></span> <span class='ocrx_word' id='word_1_83' title='bbox 1373 709 1509 753; x_wconf 79' lang='grc' dir='ltr'><em>ἐστιν·</em></span> 
     </span>
    </p>

    <p class='ocr_par' dir='ltr' id='par_1_4' title="bbox 91 782 1565 1195">
     <span class='ocr_line' id='line_1_10' title="bbox 91 782 1512 839; baseline -0.003 -12"><span class='ocrx_word' id='word_1_84' title='bbox 91 796 131 827; x_wconf 83' lang='grc'><em>17</em></span> <span class='ocrx_word' id='word_1_85' title='bbox 160 785 240 826; x_wconf 80' lang='grc' dir='ltr'><em>οὐκ</em></span> <span class='ocrx_word' id='word_1_86' title='bbox 266 785 364 839; x_wconf 75' lang='grc' dir='ltr'><em>ἄχρι</em></span> <span class='ocrx_word' id='word_1_87' title='bbox 391 790 464 838; x_wconf 79' lang='grc' dir='ltr'><em>τῆς</em></span> <span class='ocrx_word' id='word_1_88' title='bbox 492 784 586 838; x_wconf 77' lang='grc' dir='ltr'><em>ἴσης</em></span> <span class='ocrx_word' id='word_1_89' title='bbox 612 783 790 833; x_wconf 79' lang='grc' dir='ltr'><em>ἔκαστός</em></span> <span class='ocrx_word' id='word_1_90' title='bbox 818 782 937 825; x_wconf 82' lang='grc' dir='ltr'><em>ἐστιν</em></span> <span class='ocrx_word' id='word_1_91' title='bbox 964 783 1119 833; x_wconf 76' lang='grc' dir='ltr'><em>εὔνους</em></span> <span class='ocrx_word' id='word_1_92' title='bbox 1146 783 1255 825; x_wconf 75' lang='grc' dir='ltr'><em>οὔθ’</em></span> <span class='ocrx_word' id='word_1_93' title='bbox 1281 783 1386 837; x_wconf 78' lang='grc' dir='ltr'><em>ἡμῖν</em></span> <span class='ocrx_word' id='word_1_94' title='bbox 1411 783 1512 824; x_wconf 82' lang='grc' dir='ltr'><em>οὔτε</em></span> 
     </span>
     <span class='ocr_line' id='line_1_11' title="bbox 163 850 1565 910; baseline -0.002 -13"><span class='ocrx_word' id='word_1_95' title='bbox 163 857 382 910; x_wconf 82' lang='grc' dir='ltr'><em>Θηβαίοις,</em></span> <span class='ocrx_word' id='word_1_96' title='bbox 409 863 493 905; x_wconf 85' lang='grc' dir='ltr'><em>σῶς</em></span> <span class='ocrx_word' id='word_1_97' title='bbox 520 854 554 897; x_wconf 87' lang='grc' dir='ltr'><em>τ’</em></span> <span class='ocrx_word' id='word_1_98' title='bbox 588 850 700 897; x_wconf 79' lang='grc' dir='ltr'><em>εἶναι</em></span> <span class='ocrx_word' id='word_1_99' title='bbox 727 855 797 896; x_wconf 83' lang='grc' dir='ltr'><em>καὶ</em></span> <span class='ocrx_word' id='word_1_100' title='bbox 817 861 992 910; x_wconf 79' lang='grc' dir='ltr'><em>κρατεῖν</em></span> <span class='ocrx_word' id='word_1_101' title='bbox 1012 862 1100 896; x_wconf 84' lang='grc' dir='ltr'><em>τῶν</em></span> <span class='ocrx_word' id='word_1_102' title='bbox 1120 855 1277 908; x_wconf 72' lang='grc' dir='ltr'><em>ἄλλων,</em></span> <span class='ocrx_word' id='word_1_103' title='bbox 1297 853 1405 895; x_wconf 77' lang='grc' dir='ltr'><em>ἀλλὰ</em></span> <span class='ocrx_word' id='word_1_104' title='bbox 1426 861 1510 902; x_wconf 86' lang='grc' dir='ltr'><em>σῶς</em></span> <span class='ocrx_word' id='word_1_105' title='bbox 1532 870 1565 895; x_wconf 82' lang='grc' dir='ltr'><em>ιο</em></span> 
     </span>
     <span class='ocr_line' id='line_1_12' title="bbox 158 923 1510 980; baseline -0.001 -12"><span class='ocrx_word' id='word_1_106' title='bbox 158 927 238 979; x_wconf 80' lang='grc' dir='ltr'><em>μὲν</em></span> <span class='ocrx_word' id='word_1_107' title='bbox 258 923 370 969; x_wconf 78' lang='grc' dir='ltr'><em>εἶναι</em></span> <span class='ocrx_word' id='word_1_108' title='bbox 390 927 548 976; x_wconf 87' lang='grc' dir='ltr'><em>πάντες</em></span> <span class='ocrx_word' id='word_1_109' title='bbox 569 926 624 968; x_wconf 79' lang='grc' dir='ltr'><em>ἂν</em></span> <span class='ocrx_word' id='word_1_110' title='bbox 645 927 865 980; x_wconf 83' lang='grc' dir='ltr'><em>βούλοινθ</em></span> <span class='ocrx_word' id='word_1_111' title='bbox 903 925 1012 980; x_wconf 78' lang='grc' dir='ltr'><em>ἕνεχ’</em></span> <span class='ocrx_word' id='word_1_112' title='bbox 1037 925 1194 980; x_wconf 84' lang='grc' dir='ltr'><em>αὑτῶν,</em></span> <span class='ocrx_word' id='word_1_113' title='bbox 1214 927 1510 979; x_wconf 78' lang='grc' dir='ltr'><em>κρατήσαντας</em></span> 
     </span>
     <span class='ocr_line' id='line_1_13' title="bbox 159 989 1513 1053; baseline -0.002 -13"><span class='ocrx_word' id='word_1_114' title='bbox 159 999 206 1040; x_wconf 78' lang='grc' dir='ltr'><em>δὲ</em></span> <span class='ocrx_word' id='word_1_115' title='bbox 232 1000 334 1048; x_wconf 90' lang='grc' dir='ltr'><em>τοὺς</em></span> <span class='ocrx_word' id='word_1_116' title='bbox 361 997 533 1053; x_wconf 77' lang='grc' dir='ltr'><em>ἑτέρους</em></span> <span class='ocrx_word' id='word_1_117' title='bbox 561 998 772 1047; x_wconf 81' lang='grc' dir='ltr'><em>δεσπότας</em></span> <span class='ocrx_word' id='word_1_118' title='bbox 803 997 1017 1052; x_wconf 79' lang='grc' dir='ltr'><em>ὑπάρχειν</em></span> <span class='ocrx_word' id='word_1_119' title='bbox 1050 996 1196 1038; x_wconf 87' lang='grc' dir='ltr'><em>αὑτῶν</em></span> <span class='ocrx_word' id='word_1_120' title='bbox 1223 996 1327 1038; x_wconf 79' lang='grc' dir='ltr'><em>οὐδὲ</em></span> <span class='ocrx_word' id='word_1_121' title='bbox 1353 989 1424 1045; x_wconf 81' lang='grc' dir='ltr'><em>εἷς.</em></span> <span class='ocrx_word' id='word_1_122' title='bbox 1469 997 1513 1037; x_wconf 91' lang='grc' dir='ltr'><em>τί</em></span> 
     </span>
     <span class='ocr_line' id='line_1_14' title="bbox 159 1066 1510 1124; baseline -0.002 -13"><span class='ocrx_word' id='word_1_123' title='bbox 159 1066 240 1111; x_wconf 78' lang='grc' dir='ltr'><em>οὖν</em></span> <span class='ocrx_word' id='word_1_124' title='bbox 266 1070 453 1124; x_wconf 85' lang='grc' dir='ltr'><em>ἡγοῦμαι</em></span> <span class='ocrx_word' id='word_1_125' title='bbox 481 1070 676 1123; x_wconf 79' lang='grc' dir='ltr'><em>φοβερὸν</em></span> <span class='ocrx_word' id='word_1_126' title='bbox 701 1069 771 1110; x_wconf 83' lang='grc' dir='ltr'><em>καὶ</em></span> <span class='ocrx_word' id='word_1_127' title='bbox 798 1069 842 1110; x_wconf 88' lang='grc' dir='ltr'><em>τί</em></span> <span class='ocrx_word' id='word_1_128' title='bbox 867 1067 1147 1122; x_wconf 81' lang='grc' dir='ltr'><em>φυλάξασθαι</em></span> <span class='ocrx_word' id='word_1_129' title='bbox 1175 1068 1268 1109; x_wconf 88' lang='grc' dir='ltr'><em>δεῖν</em></span> <span class='ocrx_word' id='word_1_130' title='bbox 1294 1068 1420 1121; x_wconf 75' lang='grc' dir='ltr'><em>ἡμᾶςς</em></span> <span class='ocrx_word' id='word_1_131' title='bbox 1453 1068 1510 1121; x_wconf 83' lang='grc' dir='ltr'><em>μὴ</em></span> 
     </span>
     <span class='ocr_line' id='line_1_15' title="bbox 158 1136 1510 1195; baseline -0.002 -13"><span class='ocrx_word' id='word_1_132' title='bbox 158 1141 312 1195; x_wconf 82' lang='grc' dir='ltr'><em>κοινὴν</em></span> <span class='ocrx_word' id='word_1_133' title='bbox 338 1142 562 1195; x_wconf 85' lang='grc' dir='ltr'><em>πρόφασιν</em></span> <span class='ocrx_word' id='word_1_134' title='bbox 588 1140 659 1181; x_wconf 86' lang='grc' dir='ltr'><em>καὶ</em></span> <span class='ocrx_word' id='word_1_135' title='bbox 691 1140 843 1181; x_wconf 86' lang='grc' dir='ltr'><em>κοινὸν</em></span> <span class='ocrx_word' id='word_1_136' title='bbox 874 1136 1047 1193; x_wconf 77' lang='grc' dir='ltr'><em>ἔγκλημ’</em></span> <span class='ocrx_word' id='word_1_137' title='bbox 1081 1138 1102 1180; x_wconf 90' lang='grc' dir='ltr'>ὁ</span> <span class='ocrx_word' id='word_1_138' title='bbox 1129 1137 1299 1190; x_wconf 87' lang='grc' dir='ltr'><em>μέλλων</em></span> <span class='ocrx_word' id='word_1_139' title='bbox 1325 1139 1510 1190; x_wconf 90' lang='grc' dir='ltr'><em>πόλεμος</em></span> 
     </span>
    </p>

    <p class='ocr_par' dir='ltr' id='par_1_5' title="bbox 89 1208 1564 1693">
     <span class='ocr_line' id='line_1_16' title="bbox 89 1208 1564 1268; baseline -0.003 -14"><span class='ocrx_word' id='word_1_140' title='bbox 89 1223 130 1254; x_wconf 87' lang='grc'><em>18</em></span> <span class='ocrx_word' id='word_1_141' title='bbox 157 1212 265 1266; x_wconf 87' lang='grc' dir='ltr'><em>πρὸς</em></span> <span class='ocrx_word' id='word_1_142' title='bbox 292 1212 483 1261; x_wconf 78' lang='grc' dir='ltr'><em>ἅπαντας</em></span> <span class='ocrx_word' id='word_1_143' title='bbox 510 1211 632 1268; x_wconf 82' lang='grc' dir='ltr'><em>λάβῃ.</em></span> <span class='ocrx_word' id='word_1_144' title='bbox 672 1212 707 1252; x_wconf 85' lang='grc' dir='ltr'><em>εἰ</em></span> <span class='ocrx_word' id='word_1_145' title='bbox 734 1211 816 1265; x_wconf 79' lang='grc' dir='ltr'><em>γὰρ</em></span> <span class='ocrx_word' id='word_1_146' title='bbox 835 1208 1016 1265; x_wconf 84' lang='grc' dir='ltr'><em>Ἀργεῖοι</em></span> <span class='ocrx_word' id='word_1_147' title='bbox 1052 1209 1132 1262; x_wconf 77' lang='grc' dir='ltr'><em>μὲν</em></span> <span class='ocrx_word' id='word_1_148' title='bbox 1158 1209 1229 1250; x_wconf 83' lang='grc' dir='ltr'><em>καὶ</em></span> <span class='ocrx_word' id='word_1_149' title='bbox 1261 1211 1509 1263; x_wconf 69' lang='grc' dir='ltr'><em>ΖἉεσσήνιοι</em></span> <span class='ocrx_word' id='word_1_150' title='bbox 1531 1225 1564 1250; x_wconf 79' lang='lat'><em>15</em></span> 
     </span>
     <span class='ocr_line' id='line_1_17' title="bbox 157 1283 1509 1337; baseline -0.002 -13"><span class='ocrx_word' id='word_1_151' title='bbox 157 1283 228 1324; x_wconf 79' lang='grc' dir='ltr'><em>καὶ</em></span> <span class='ocrx_word' id='word_1_152' title='bbox 261 1285 619 1337; x_wconf 73' lang='grc' dir='ltr'><em>Μεγαλοπολῖται</em></span> <span class='ocrx_word' id='word_1_153' title='bbox 658 1283 731 1323; x_wconf 88' lang='grc' dir='ltr'><em>καί</em></span> <span class='ocrx_word' id='word_1_154' title='bbox 761 1297 875 1331; x_wconf 90' lang='grc' dir='ltr'><em>τινες</em></span> <span class='ocrx_word' id='word_1_155' title='bbox 907 1288 995 1322; x_wconf 91' lang='grc' dir='ltr'><em>τῶν</em></span> <span class='ocrx_word' id='word_1_156' title='bbox 1031 1284 1195 1322; x_wconf 81' lang='grc' dir='ltr'><em>λοιπῶν</em></span> <span class='ocrx_word' id='word_1_157' title='bbox 1227 1283 1509 1334; x_wconf 79' lang='grc' dir='ltr'><em>Πελοποννή-</em></span> 
     </span>
     <span class='ocr_line' id='line_1_18' title="bbox 159 1352 1511 1408; baseline -0.002 -13"><span class='ocrx_word' id='word_1_158' title='bbox 159 1355 280 1408; x_wconf 87' lang='grc' dir='ltr'><em>σίων,</em></span> <span class='ocrx_word' id='word_1_159' title='bbox 306 1354 401 1396; x_wconf 85' lang='grc' dir='ltr'><em>ὅσοι</em></span> <span class='ocrx_word' id='word_1_160' title='bbox 421 1354 557 1395; x_wconf 82' lang='grc' dir='ltr'><em>ταύτὰ</em></span> <span class='ocrx_word' id='word_1_161' title='bbox 576 1354 747 1403; x_wconf 82' lang='grc' dir='ltr'><em>τούτοις</em></span> <span class='ocrx_word' id='word_1_162' title='bbox 769 1358 1028 1408; x_wconf 77' lang='grc' dir='ltr'><em>φρονοῦσιν,</em></span> <span class='ocrx_word' id='word_1_163' title='bbox 1054 1352 1127 1393; x_wconf 79' lang='grc' dir='ltr'><em>διὰ</em></span> <span class='ocrx_word' id='word_1_164' title='bbox 1146 1352 1226 1406; x_wconf 78' lang='grc' dir='ltr'><em>τὴν</em></span> <span class='ocrx_word' id='word_1_165' title='bbox 1246 1352 1353 1405; x_wconf 87' lang='grc' dir='ltr'><em>πρὸς</em></span> <span class='ocrx_word' id='word_1_166' title='bbox 1373 1354 1511 1393; x_wconf 90' lang='grc' dir='ltr'><em>Λακε-</em></span> 
     </span>
     <span class='ocr_line' id='line_1_19' title="bbox 158 1422 1510 1479; baseline -0.003 -12"><span class='ocrx_word' id='word_1_167' title='bbox 158 1425 412 1477; x_wconf 88' lang='grc' dir='ltr'><em>δαιμονίους</em></span> <span class='ocrx_word' id='word_1_168' title='bbox 440 1425 543 1479; x_wconf 81' lang='grc' dir='ltr'><em>ἡμῖν</em></span> <span class='ocrx_word' id='word_1_169' title='bbox 570 1423 876 1478; x_wconf 75' lang='grc' dir='ltr'><em>ἐπικηρυκείαν</em></span> <span class='ocrx_word' id='word_1_170' title='bbox 904 1422 1071 1478; x_wconf 76' lang='grc' dir='ltr'><em>ἐχθρῶς</em></span> <span class='ocrx_word' id='word_1_171' title='bbox 1099 1424 1339 1478; x_wconf 85' lang='grc' dir='ltr'><em>σχήσουσιν</em></span> <span class='ocrx_word' id='word_1_172' title='bbox 1364 1422 1436 1463; x_wconf 86' lang='grc' dir='ltr'><em>καὶ</em></span> <span class='ocrx_word' id='word_1_173' title='bbox 1461 1423 1510 1464; x_wconf 91' lang='grc' dir='ltr'><em>τὸ</em></span> 
     </span>
     <span class='ocr_line' id='line_1_20' title="bbox 159 1492 1510 1551; baseline -0.003 -13"><span class='ocrx_word' id='word_1_174' title='bbox 159 1497 306 1538; x_wconf 86' lang='grc' dir='ltr'><em>δοκεῖν</em></span> <span class='ocrx_word' id='word_1_175' title='bbox 326 1494 584 1551; x_wconf 80' lang='grc' dir='ltr'><em>ἐκδέχεσθαί</em></span> <span class='ocrx_word' id='word_1_176' title='bbox 602 1511 642 1536; x_wconf 84' lang='grc' dir='ltr'><em>τι</em></span> <span class='ocrx_word' id='word_1_177' title='bbox 663 1502 751 1537; x_wconf 89' lang='grc' dir='ltr'><em>τῶν</em></span> <span class='ocrx_word' id='word_1_178' title='bbox 772 1493 952 1544; x_wconf 80' lang='grc' dir='ltr'><em>ἐκείνοις</em></span> <span class='ocrx_word' id='word_1_179' title='bbox 973 1492 1302 1549; x_wconf 70' lang='grc' dir='ltr'><em>πεπραγμένων,</em></span> <span class='ocrx_word' id='word_1_180' title='bbox 1327 1495 1510 1547; x_wconf 86' lang='grc' dir='ltr'><em>Θηβαῖοι</em></span> 
     </span>
     <span class='ocr_line' id='line_1_21' title="bbox 158 1562 1564 1622; baseline -0.004 -13"><span class='ocrx_word' id='word_1_181' title='bbox 158 1565 195 1609; x_wconf 81' lang='grc' dir='ltr'><em>δ’</em></span> <span class='ocrx_word' id='word_1_182' title='bbox 227 1565 376 1622; x_wconf 75' lang='grc' dir='ltr'><em>ἔχουσι</em></span> <span class='ocrx_word' id='word_1_183' title='bbox 402 1566 494 1621; x_wconf 86' lang='grc' dir='ltr'><em>μέν,</em></span> <span class='ocrx_word' id='word_1_184' title='bbox 520 1567 576 1616; x_wconf 83' lang='grc' dir='ltr'><em>ὡς</em></span> <span class='ocrx_word' id='word_1_185' title='bbox 605 1566 822 1621; x_wconf 87' lang='grc' dir='ltr'><em>λέγουσιν,</em></span> <span class='ocrx_word' id='word_1_186' title='bbox 847 1565 1061 1620; x_wconf 79' lang='grc' dir='ltr'><em>ἀπεχθῶς,</em></span> <span class='ocrx_word' id='word_1_187' title='bbox 1086 1563 1149 1606; x_wconf 78' lang='grc' dir='ltr'><em>ἔτι</em></span> <span class='ocrx_word' id='word_1_188' title='bbox 1176 1562 1213 1606; x_wconf 87' lang='grc' dir='ltr'><em>δ’</em></span> <span class='ocrx_word' id='word_1_189' title='bbox 1240 1562 1509 1619; x_wconf 77' lang='grc' dir='ltr'><em>ἐχθροτέρως</em></span> <span class='ocrx_word' id='word_1_190' title='bbox 1531 1580 1564 1605; x_wconf 77' lang='lat'><em>20</em></span> 
     </span>
     <span class='ocr_line' id='line_1_22' title="bbox 159 1633 1511 1693; baseline -0.002 -14"><span class='ocrx_word' id='word_1_191' title='bbox 159 1640 411 1693; x_wconf 81' lang='grc' dir='ltr'><em>σχήσουσιν,</em></span> <span class='ocrx_word' id='word_1_192' title='bbox 432 1639 497 1680; x_wconf 82' lang='grc' dir='ltr'><em>ὅτι</em></span> <span class='ocrx_word' id='word_1_193' title='bbox 517 1640 618 1688; x_wconf 86' lang='grc' dir='ltr'><em>τοὺς</em></span> <span class='ocrx_word' id='word_1_194' title='bbox 639 1652 724 1692; x_wconf 89' lang='grc' dir='ltr'><em>παρ</em></span> <span class='ocrx_word' id='word_1_195' title='bbox 738 1637 747 1653; x_wconf 82' lang='grc'><strong><em>’</em></strong></span> <span class='ocrx_word' id='word_1_196' title='bbox 767 1635 946 1679; x_wconf 77' lang='grc' dir='ltr'><em>ἐκείνων</em></span> <span class='ocrx_word' id='word_1_197' title='bbox 968 1637 1211 1691; x_wconf 82' lang='grc' dir='ltr'><em>φεύγοντας</em></span> <span class='ocrx_word' id='word_1_198' title='bbox 1233 1633 1421 1692; x_wconf 77' lang='grc' dir='ltr'><em>σῴζομεν</em></span> <span class='ocrx_word' id='word_1_199' title='bbox 1440 1635 1511 1676; x_wconf 80' lang='grc' dir='ltr'><em>καὶ</em></span> 
     </span>
    </p>

    <p class='ocr_par' dir='ltr' id='par_1_6' title="bbox 90 1704 1671 2193">
     <span class='ocr_line' id='line_1_23' title="bbox 90 1704 1671 1768; baseline -0.004 -16"><span class='ocrx_word' id='word_1_200' title='bbox 90 1722 131 1752; x_wconf 91' lang='grc'><em>19</em></span> <span class='ocrx_word' id='word_1_201' title='bbox 159 1709 300 1750; x_wconf 83' lang='grc' dir='ltr'><em>πάντα</em></span> <span class='ocrx_word' id='word_1_202' title='bbox 326 1710 490 1763; x_wconf 87' lang='grc' dir='ltr'><em>τρόπον</em></span> <span class='ocrx_word' id='word_1_203' title='bbox 510 1709 590 1764; x_wconf 79' lang='grc' dir='ltr'><em>τὴν</em></span> <span class='ocrx_word' id='word_1_204' title='bbox 611 1708 873 1761; x_wconf 81' lang='grc' dir='ltr'><em>δυσμένειαν</em></span> <span class='ocrx_word' id='word_1_205' title='bbox 894 1704 1194 1760; x_wconf 76' lang='grc' dir='ltr'><em>ἐνδεικνύμεθ’</em></span> <span class='ocrx_word' id='word_1_206' title='bbox 1221 1706 1380 1760; x_wconf 84' lang='grc' dir='ltr'><em>αὐτοῖς,</em></span> <span class='ocrx_word' id='word_1_207' title='bbox 1409 1709 1512 1747; x_wconf 84' lang='grc' dir='ltr'><em>Θετ-</em></span> <span class='ocrx_word' id='word_1_208' title='bbox 1665 1739 1671 1768; x_wconf 64' lang='grc'><em>,</em></span> 
     </span>
     <span class='ocr_line' id='line_1_24' title="bbox 157 1775 1509 1835; baseline -0.003 -13"><span class='ocrx_word' id='word_1_209' title='bbox 157 1781 280 1822; x_wconf 78' lang='grc' dir='ltr'><em>ταλοὶ</em></span> <span class='ocrx_word' id='word_1_210' title='bbox 308 1777 363 1833; x_wconf 83' lang='grc' dir='ltr'><em>δ’,</em></span> <span class='ocrx_word' id='word_1_211' title='bbox 390 1781 455 1821; x_wconf 78' lang='grc' dir='ltr'><em>ὅτι.</em></span> <span class='ocrx_word' id='word_1_212' title='bbox 482 1782 583 1829; x_wconf 77' lang='grc' dir='ltr'><em>τοὺς</em></span> <span class='ocrx_word' id='word_1_213' title='bbox 614 1779 803 1821; x_wconf 77' lang='grc' dir='ltr'><em>Φωκέων</em></span> <span class='ocrx_word' id='word_1_214' title='bbox 831 1779 1030 1833; x_wconf 88' lang='grc' dir='ltr'><em>φυγάδας</em></span> <span class='ocrx_word' id='word_1_215' title='bbox 1058 1775 1266 1835; x_wconf 77' lang='grc' dir='ltr'><em>σῴζομεν,</em></span> <span class='ocrx_word' id='word_1_216' title='bbox 1296 1779 1509 1826; x_wconf 89' lang='grc' dir='ltr'><em>Φίλιππος</em></span> 
     </span>
     <span class='ocr_line' id='line_1_25' title="bbox 159 1848 1580 1906; baseline -0.003 -13"><span class='ocrx_word' id='word_1_217' title='bbox 159 1849 215 1906; x_wconf 88' lang='grc' dir='ltr'><em>δ’,</em></span> <span class='ocrx_word' id='word_1_218' title='bbox 247 1852 312 1893; x_wconf 82' lang='grc' dir='ltr'><em>ὅτι</em></span> <span class='ocrx_word' id='word_1_219' title='bbox 344 1851 569 1903; x_wconf 77' lang='grc' dir='ltr'><em>κωλύομεν</em></span> <span class='ocrx_word' id='word_1_220' title='bbox 602 1851 737 1892; x_wconf 82' lang='grc' dir='ltr'><em>αὐτὸν</em></span> <span class='ocrx_word' id='word_1_221' title='bbox 773 1849 776 1906; x_wconf 78' lang='grc' dir='ltr'>Ι</span> <span class='ocrx_word' id='word_1_222' title='bbox 811 1856 1041 1891; x_wconf 79' lang='grc' dir='ltr'><em>κοινωνεῖν</em></span> <span class='ocrx_word' id='word_1_223' title='bbox 1073 1855 1147 1902; x_wconf 77' lang='grc' dir='ltr'><em>τῆς</em></span> <span class='ocrx_word' id='word_1_224' title='bbox 1182 1848 1511 1902; x_wconf 77' lang='grc' dir='ltr'><em>ἀμφικτυονίας,</em></span> <span class='ocrx_word' id='word_1_225' title='bbox 1531 1850 1580 1884; x_wconf 70' lang='grc'><em>62</em></span> 
     </span>
     <span class='ocr_line' id='line_1_26' title="bbox 159 1919 1570 1978; baseline -0.003 -14"><span class='ocrx_word' id='word_1_226' title='bbox 159 1925 383 1978; x_wconf 80' lang='grc' dir='ltr'><em>φοβοῦμαι</em></span> <span class='ocrx_word' id='word_1_227' title='bbox 408 1923 464 1977; x_wconf 81' lang='grc' dir='ltr'><em>μὴ</em></span> <span class='ocrx_word' id='word_1_228' title='bbox 485 1922 642 1971; x_wconf 85' lang='grc' dir='ltr'><em>πάντες</em></span> <span class='ocrx_word' id='word_1_229' title='bbox 663 1922 760 1975; x_wconf 84' lang='grc' dir='ltr'><em>περὶ</em></span> <span class='ocrx_word' id='word_1_230' title='bbox 782 1928 869 1963; x_wconf 82' lang='grc' dir='ltr'><em>τῶν</em></span> <span class='ocrx_word' id='word_1_231' title='bbox 891 1921 1016 1962; x_wconf 86' lang='grc' dir='ltr'><em>ἰδίων</em></span> <span class='ocrx_word' id='word_1_232' title='bbox 1037 1919 1213 1969; x_wconf 79' lang='grc' dir='ltr'><em>ἕκαστος</em></span> <span class='ocrx_word' id='word_1_233' title='bbox 1235 1919 1510 1973; x_wconf 81' lang='grc' dir='ltr'><em>ὀργιζόμενος</em></span> <span class='ocrx_word' id='word_1_234' title='bbox 1530 1924 1570 1960; x_wconf 67' lang='grc'><em>25</em></span> 
     </span>
     <span class='ocr_line' id='line_1_27' title="bbox 158 1989 1510 2047; baseline -0.004 -11"><span class='ocrx_word' id='word_1_235' title='bbox 158 1994 310 2036; x_wconf 87' lang='grc' dir='ltr'><em>κοινὸν</em></span> <span class='ocrx_word' id='word_1_236' title='bbox 343 1991 409 2047; x_wconf 79' lang='grc' dir='ltr'><em>ἐφ’</em></span> <span class='ocrx_word' id='word_1_237' title='bbox 448 1994 555 2047; x_wconf 78' lang='grc' dir='ltr'><em>ἡμᾶς</em></span> <span class='ocrx_word' id='word_1_238' title='bbox 589 1992 783 2046; x_wconf 79' lang='grc' dir='ltr'><em>ἀγάγωσι</em></span> <span class='ocrx_word' id='word_1_239' title='bbox 814 1993 892 2034; x_wconf 91' lang='grc' dir='ltr'><em>τὸν</em></span> <span class='ocrx_word' id='word_1_240' title='bbox 924 1993 1133 2045; x_wconf 88' lang='grc' dir='ltr'><em>πόλεμον,</em></span> <span class='ocrx_word' id='word_1_241' title='bbox 1169 1991 1221 2032; x_wconf 84' lang='grc' dir='ltr'><em>τὰ</em></span> <span class='ocrx_word' id='word_1_242' title='bbox 1252 1997 1340 2031; x_wconf 90' lang='grc' dir='ltr'><em>τῶν</em></span> <span class='ocrx_word' id='word_1_243' title='bbox 1362 1989 1510 2044; x_wconf 79' lang='grc' dir='ltr'><em>Ἀμφι-</em></span> 
     </span>
     <span class='ocr_line' id='line_1_28' title="bbox 156 2058 1510 2118; baseline -0.004 -11"><span class='ocrx_word' id='word_1_244' title='bbox 156 2066 356 2107; x_wconf 87' lang='grc' dir='ltr'><em>κτυόνων</em></span> <span class='ocrx_word' id='word_1_245' title='bbox 377 2065 569 2118; x_wconf 88' lang='grc' dir='ltr'><em>δόγματα</em></span> <span class='ocrx_word' id='word_1_246' title='bbox 589 2063 950 2117; x_wconf 78' lang='grc' dir='ltr'><em>προστησάμενοι,</em></span> <span class='ocrx_word' id='word_1_247' title='bbox 965 2058 1038 2104; x_wconf 78' lang='grc' dir='ltr'><em>εἶτ’</em></span> <span class='ocrx_word' id='word_1_248' title='bbox 1063 2060 1395 2103; x_wconf 79' lang='grc' dir='ltr'><em>ἐπισπασθῶσιν</em></span> <span class='ocrx_word' id='word_1_249' title='bbox 1414 2059 1510 2102; x_wconf 82' lang='grc' dir='ltr'><em>ἕκα-</em></span> 
     </span>
     <span class='ocr_line' id='line_1_29' title="bbox 159 2131 1510 2193; baseline -0.004 -15"><span class='ocrx_word' id='word_1_250' title='bbox 159 2148 253 2178; x_wconf 88' lang='grc' dir='ltr'><em>στοι</em></span> <span class='ocrx_word' id='word_1_251' title='bbox 280 2135 390 2193; x_wconf 77' lang='grc' dir='ltr'><em>πέρα</em></span> <span class='ocrx_word' id='word_1_252' title='bbox 415 2141 493 2177; x_wconf 91' lang='grc' dir='ltr'><em>τοῦ</em></span> <span class='ocrx_word' id='word_1_253' title='bbox 516 2134 816 2189; x_wconf 77' lang='grc' dir='ltr'><em>συμφέροντος</em></span> <span class='ocrx_word' id='word_1_254' title='bbox 838 2132 1007 2183; x_wconf 82' lang='grc' dir='ltr'><em>ἑαυτοῖς</em></span> <span class='ocrx_word' id='word_1_255' title='bbox 1033 2134 1136 2187; x_wconf 78' lang='grc' dir='ltr'><em>ἡμῖν</em></span> <span class='ocrx_word' id='word_1_256' title='bbox 1156 2136 1408 2187; x_wconf 77' lang='grc' dir='ltr'><em>πολεμῆσαι,</em></span> <span class='ocrx_word' id='word_1_257' title='bbox 1427 2131 1510 2173; x_wconf 84' lang='grc' dir='ltr'><em>ὥσ-</em></span> 
     </span>
    </p>

    <p class='ocr_par' dir='ltr' id='par_1_7' title="bbox 87 2200 1562 2332">
     <span class='ocr_line' id='line_1_30' title="bbox 87 2200 1508 2262; baseline -0.004 -12"><span class='ocrx_word' id='word_1_258' title='bbox 87 2220 129 2250; x_wconf 78' lang='lat'><em>20</em></span> <span class='ocrx_word' id='word_1_259' title='bbox 155 2223 235 2262; x_wconf 87' lang='grc' dir='ltr'><em>περ</em></span> <span class='ocrx_word' id='word_1_260' title='bbox 268 2208 340 2249; x_wconf 80' lang='grc' dir='ltr'><em>καὶ</em></span> <span class='ocrx_word' id='word_1_261' title='bbox 372 2207 470 2261; x_wconf 82' lang='grc' dir='ltr'><em>περὶ</em></span> <span class='ocrx_word' id='word_1_262' title='bbox 507 2205 692 2255; x_wconf 77' lang='grc' dir='ltr'><em>Φωκέας.</em></span> <span class='ocrx_word' id='word_1_263' title='bbox 737 2205 827 2247; x_wconf 78' lang='grc' dir='ltr'><em>ἴστε</em></span> <span class='ocrx_word' id='word_1_264' title='bbox 860 2205 941 2259; x_wconf 76' lang='grc' dir='ltr'><em>γὰρ</em></span> <span class='ocrx_word' id='word_1_265' title='bbox 976 2205 1117 2258; x_wconf 82' lang='grc' dir='ltr'><em>δήπου</em></span> <span class='ocrx_word' id='word_1_266' title='bbox 1149 2200 1293 2257; x_wconf 83' lang='grc' dir='ltr'><em>τοῦθ’,</em></span> <span class='ocrx_word' id='word_1_267' title='bbox 1326 2203 1392 2244; x_wconf 83' lang='grc' dir='ltr'><em>ὅτι</em></span> <span class='ocrx_word' id='word_1_268' title='bbox 1423 2208 1508 2244; x_wconf 89' lang='grc' dir='ltr'><em>νῦν</em></span> 
     </span>
     <span class='ocr_line' id='line_1_31' title="bbox 161 2270 1562 2332; baseline -0.004 -12"><span class='ocrx_word' id='word_1_269' title='bbox 161 2281 343 2332; x_wconf 75' lang='grc' dir='ltr'><em>Θηβαῖοι</em></span> <span class='ocrx_word' id='word_1_270' title='bbox 370 2279 441 2319; x_wconf 84' lang='grc' dir='ltr'><em>καὶ</em></span> <span class='ocrx_word' id='word_1_271' title='bbox 473 2279 686 2326; x_wconf 87' lang='grc' dir='ltr'><em>Φίλιππος</em></span> <span class='ocrx_word' id='word_1_272' title='bbox 712 2277 781 2318; x_wconf 81' lang='grc' dir='ltr'><em>καὶ</em></span> <span class='ocrx_word' id='word_1_273' title='bbox 814 2277 1032 2329; x_wconf 84' lang='grc' dir='ltr'><em>Θετταλοί,</em></span> <span class='ocrx_word' id='word_1_274' title='bbox 1059 2275 1155 2330; x_wconf 82' lang='grc' dir='ltr'><em>οὐχὶ</em></span> <span class='ocrx_word' id='word_1_275' title='bbox 1181 2270 1310 2316; x_wconf 82' lang='grc' dir='ltr'><em>ταῦθ’</em></span> <span class='ocrx_word' id='word_1_276' title='bbox 1335 2273 1504 2315; x_wconf 79' lang='grc' dir='ltr'><em>ἕκαστοι</em></span> <span class='ocrx_word' id='word_1_277' title='bbox 1528 2289 1562 2315; x_wconf 76' lang='lat' dir='ltr'><em>so</em></span> 
     </span>
    </p>
   </div>
   <div class='ocr_carea' id='block_1_3' title="bbox 1675 0 1679 2531">
    <p class='ocr_par' dir='ltr' id='par_1_8' title="bbox 1675 0 1679 2531">
     <span class='ocr_line' id='line_1_32' title="bbox 1675 0 1679 2531; baseline 0 0"><span class='ocrx_word' id='word_1_278' title='bbox 1675 0 1679 2531; x_wconf 95' lang='lat' dir='ltr'><em> </em></span> 
     </span>
    </p>
   </div>
  </div>
 </body>
</html>
