1689 2531
86 107 171 151 m]
479 106 595 138 ΠΕΡΙ
618 104 716 137 ΤΩΝ
742 104 1034 137 ΣΤΜΜΟΡΙῼΝ
1345 102 1427 143 163

86 203 167 256 τὴν
197 201 352 255 κοινὴν
384 200 589 242 ἁπάντων
615 201 832 254 σωτηρίαν
858 200 1141 253 παρόψονται.
1191 199 1250 248 εἷς
1278 199 1325 240 δὲ
1350 200 1430 253 τὴν

87 272 279 327 ταραχὴν
303 272 467 325 ταύτην
492 271 563 312 καὶ
588 271 668 325 τὴν
694 270 1013 325 ἀγνωμοσύνην
1033 277 1228 323 παραινῶ
1249 271 1305 324 μὴ
1325 284 1430 324 προ-

87 347 290 385 καθεῖναι
316 343 396 395 τὴν
421 342 551 383 πόλιν
577 342 710 395 ἡμῶν.
762 341 865 383 οὐδὲ
891 342 972 395 γὰρ
1001 338 1094 382 οὐδ’
1126 337 1195 381 ἀπ’
1228 340 1322 394 ἴσης
1343 341 1429 395 ὁρῶ

86 421 175 463 τοῖς
200 411 235 454 τ’
267 414 413 462 ἄλλοις
431 410 637 466 ’Έλλησιν
662 412 734 453 καὶ
758 409 863 464 ὑμῖν
889 413 987 466 περὶ
1011 419 1100 453 τῶν
1125 412 1231 465 πρὸς
1257 412 1335 453 τὸν
1354 414 1430 465 βα-

52 502 67 527 5
89 484 209 526 σιλέα
240 484 321 538 τὴν
346 484 515 538 βουλὴν
541 480 692 537 οὖσαν,
724 481 816 524 ἀλλ’
850 481 1028 524 ἐκείνων
1053 483 1133 535 μὲν
1158 485 1336 532 πολλοῖς
1363 481 1431 524 ἑν-

88 554 297 610 δέχεσθαί
325 570 397 607 μοι
430 555 550 596 δοκεῖ
579 561 667 595 τῶν
701 554 791 610 ἰδία
821 570 862 595 τι
890 555 1205 608 συμφερόντων
1241 554 1431 612 διοικου-

87 625 232 678 μένοις
277 632 365 667 τῶν
403 626 547 666 ἄλλων
579 622 801 677 Ἑλλήνων
839 625 1066 678 ἀμελῆσαι,
1108 621 1212 676 ὑμῖν
1251 621 1287 665 δ’
1333 621 1426 666 οὐδ’

88 695 390 748 ἀδικουμένοις
421 696 537 750 παρὰ
567 702 656 737 τῶν
688 694 961 737 ἀδικούντων
992 696 1126 737 καλόν
1159 694 1249 737 ἐστι
1282 698 1432 748 λαβεῖν

88 768 251 821 ταύτην
282 768 363 821 τὴν
395 767 534 821 δίκην,
567 765 691 807 ἐᾶσαί
714 782 836 816 τινας
863 767 1008 807 αὐτῶν
1034 764 1118 807 ὑπὸ
1145 772 1203 823 τῷ
1224 765 1431 822 βαρβάρῳ

36 856 68 880 ιο
88 837 308 892 γενέσθαι.
354 838 423 879 ὅτε
451 835 488 879 δ’
521 837 657 887 οὕτως
683 835 801 878 ταῦτ’
832 835 933 892 ἔχει,
959 836 1166 879 σκεπτέον
1187 838 1300 886 ὅπως
1322 834 1425 890 μήθ’

88 909 207 963 ἡμεῖς
234 907 282 950 ἐν
306 914 364 965 τῷ
385 908 555 964 πολέμῳ
586 906 844 962 γενησόμεθ’
884 908 962 950 οὐκ
996 908 1095 963 ἴσοι,
1125 906 1219 962 μήτ’
1258 907 1433 963 ἐκεῖνος,

0 983 67 1018 [80
88 979 140 1021 ὃν
156 979 160 1034 Ι
177 980 297 1034 ἡμεῖς
323 978 625 1033 ἐπιβουλεύειν
651 979 878 1033 ἡγούμεθα
904 986 993 1028 τοῖς
1011 977 1229 1033 ”Ἐλλησιν,
1254 981 1334 1034 τὴν
1354 987 1432 1022 τοῦ

90 1051 216 1104 φίλος
236 1050 383 1099 αὐτοῖς
404 1051 551 1092 δοκεῖν
571 1046 682 1091 εἶναι
703 1051 851 1091 πίστιν
872 1052 1062 1103 λήψεται.
1100 1057 1188 1100 πῶς
1209 1047 1290 1092 οὖν
1309 1050 1426 1093 ταῦτ’

88 1119 227 1173 ἔσται;
266 1120 320 1162 ἂν
358 1122 383 1175 ἡ
422 1121 501 1173 μὲν
539 1121 723 1173 δύναμις
761 1127 835 1174 τῆς
872 1122 1037 1170 πόλεως
1069 1120 1329 1175 ἐξητασμένη
1361 1123 1432 1164 καὶ

38 1209 70 1235 15
90 1191 473 1246 παρεσκευασμένη
512 1197 645 1233 πᾶσιν
680 1186 705 1250 ᾖ
741 1191 923 1246 φανερά,
964 1193 1170 1246 φαίνηται
1207 1193 1254 1234 δὲ
1290 1194 1434 1235 δίκαια

93 1269 277 1316 φρονεῖν
298 1261 366 1304 ἐπὶ
386 1263 519 1320 ταύτῃ
539 1270 590 1318 τῇ
610 1262 871 1316 προαιρέσει.
909 1270 998 1312 τοῖς
1020 1263 1066 1304 δὲ
1086 1264 1435 1317 θρασυνομένοις

92 1333 163 1374 καὶ
199 1331 355 1387 σφόδρ’
397 1332 574 1385 ἑτοίμως
609 1337 814 1385 πολεμεῖν
848 1334 1106 1375 κελεύουσιν
1141 1332 1280 1375 έκεῖνο
1315 1335 1437 1389 λέγω,

93 1404 159 1445 ὅτι
185 1403 265 1445 οὐκ
290 1401 381 1445 ἔστι
408 1405 597 1459 χαλεπὸν
623 1402 722 1445 οὔθ’
749 1405 854 1446 ὅταν
874 1405 1168 1458 βουλεύεσθαι
1190 1405 1278 1461 δέῃ,
1305 1406 1436 1456 δόξαν

93 1474 295 1529 ἀνδρείας
323 1477 485 1529 λαβεῖν,
511 1473 610 1516 οὔθ’
644 1476 748 1516 ὅταν
768 1476 973 1524 κίνδυνός
994 1491 1056 1525 τις
1077 1474 1205 1529 ἐγγὺς
1225 1471 1263 1534 ᾗ,
1289 1477 1438 1519 δεινὸν

40 1563 74 1588 20
94 1547 232 1587 εἰπεῖν
264 1551 470 1600 φανῆναι,
501 1544 592 1586 ἀλλ’
631 1545 770 1588 έκεῖνο
797 1547 867 1587 καὶ
893 1547 1082 1600 χαλεπὸν
1107 1547 1178 1587 καὶ
1203 1554 1438 1602 προσῆκον,

95 1615 164 1657 ἐπὶ
195 1616 275 1668 μὲν
305 1623 393 1658 τῶν
424 1617 646 1658 κινδύνων
677 1618 757 1670 τὴν
789 1616 998 1670 ἀνδρείαν
1030 1615 1352 1673 ἐνδείκνυσθαι,
1389 1618 1437 1660 ἐν

96 1687 144 1728 δὲ
163 1691 222 1744 τῷ
237 1688 555 1740 συμβουλεύειν
577 1688 881 1741 φρονιμώτερα
900 1695 988 1728 τῶν
1002 1688 1146 1729 ἄλλων
1161 1689 1298 1730 εἰπεῖν
1311 1687 1438 1744 ἔχειν.

96 1756 178 1811 ἐγὼ
217 1756 254 1799 δ’
304 1755 336 1798 ὦ
373 1758 528 1811 ἄνδρες
559 1756 783 1811 Ἀθηναῖοι
826 1760 982 1810 νομίζω
1024 1760 1101 1800 τὸν
1135 1760 1215 1811 μὲν
1249 1761 1439 1813 πόλεμον

95 1829 173 1870 τὸν
205 1830 312 1882 πρὸς
345 1828 525 1882 βασιλέα
557 1830 746 1883 χαλεπὸν
771 1835 822 1884 τῇ
848 1831 984 1884 πόλει,
1015 1830 1092 1871 τὸν
1119 1827 1156 1870 δ’
1188 1829 1335 1884 ἀγῶνα
1361 1832 1439 1873 τὸν

43 1917 76 1942 25
98 1898 143 1940 ἐκ
175 1905 253 1941 τοῦ
285 1899 476 1951 πολέμου
510 1897 664 1956 ῥᾴδιον
691 1898 745 1940 ἂν
772 1902 1001 1953 συμβῆναι.
1052 1901 1124 1941 διὰ
1149 1902 1208 1952 τί;
1241 1901 1306 1943 ὅτι
1338 1904 1439 1951 τοὺς

97 1970 177 2022 μὲν
208 1969 423 2022 πολέμους
456 1970 646 2018 ἅπαντας
672 1969 915 2024 ἀναγκαίως
940 1971 1127 2024 ἡγοῦμαι
1154 1973 1344 2026 τριήρων
1369 1974 1440 2014 καὶ

98 2040 328 2095 χρημάτων
347 2041 418 2082 καὶ
438 2042 584 2082 τόπων
599 2041 787 2095 δεῖσθαι,
805 2047 940 2082 ταῦτα
956 2042 1003 2083 δὲ
1017 2040 1139 2083 πάντ’
1161 2041 1434 2096 ἀφθονώτερ’

99 2110 267 2153 ἐκεῖνον
293 2108 441 2165 ἔχονθ’
473 2112 595 2164 ἡμῶν
622 2109 823 2164 εὑρίσκω·
867 2114 968 2161 τοὺς
996 2111 1032 2153 δ’
1065 2112 1234 2166 ἀγῶνας
1261 2113 1441 2163 οὐδενὸς

99 2181 212 2224 οὕτω
253 2189 341 2223 τῶν
376 2182 520 2223 ἄλλων
556 2182 642 2235 ὁρῶ
679 2182 911 2234 δεομένους
947 2184 1002 2232 ὡς
1038 2183 1213 2237 ἀνδρῶν
1247 2183 1443 2241 ἀγαθῶν,

46 2270 81 2295 :zo
101 2253 283 2302 τούτους
328 2250 365 2293 δ’
415 2253 518 2306 ἡμῖν
561 2253 632 2294 καὶ
675 2260 764 2302 τοῖς
795 2251 893 2305 μεθ’
946 2255 1066 2307 ἡμῶν
1104 2255 1442 2297 κινδυνεύουσιν

1232 2324 1299 2357 ll*
