1689 2531
739 586 779 627 V

415 683 580 731 ΠΕΡΙ
616 683 755 730 ΤΗΣ
792 670 1098 730 ΕΙΡΗΝΗΣ

630 792 886 827 ΤΠΟΘΕΣῙΣ

148 879 448 932 Μηκυνομὲνου
479 887 549 920 τοῦ
574 880 745 932 πολέμου
771 887 839 920 τοῦ
871 879 958 933 περὶ
980 876 1247 931 Ἀμφιπόλεως
1272 878 1430 931 εἰρήνης

89 945 345 997 ἐπεθύμησαν
371 945 392 984 ὅ
411 961 449 985 τε
472 947 668 994 Φίλιππος
692 945 756 985 καὶ
777 946 818 985 οἵ
830 942 1051 996 Ἀθηναῖοι,
1078 945 1115 984 οἱ
1135 943 1204 995 μὲν
1220 940 1431 994 Ἀθηναῖοι

87 1017 216 1058 κακῶς
241 1010 282 1050 ἐν
310 1012 362 1067 τῷ
386 1010 538 1066 πολέμῳ
565 1011 787 1063 φερόμενοι,
815 1009 834 1050 ὁ
861 1009 901 1050 δὲ
925 1011 1120 1057 Φίλιππος
1145 1008 1383 1061 βουλόμενος
1405 1006 1431 1046 ἃ

89 1074 271 1128 ὑπέσχετο
302 1077 504 1124 Θετταλοῖς
535 1091 572 1116 τε
604 1075 669 1115 καὶ
699 1077 888 1127 Θηβαίοις
919 1074 1138 1114 ἐπιτελέσαι.
1180 1072 1361 1125 ὑπέσχετο
1388 1070 1430 1111 δὲ

53 1154 68 1180 5
89 1144 168 1188 τοῖς
194 1139 265 1192 μὲν
288 1142 477 1192 Θηβαίοις
492 1137 723 1194 Ὀρχομενὸν
743 1141 988 1193 παραδώσειν
1008 1139 1072 1178 καὶ
1091 1139 1333 1191 Κορώνειαν,
1359 1137 1429 1176 πό-

89 1209 166 1253 λεις
181 1206 381 1253 Βοιωτίας,
401 1205 635 1259 ἀμφοτέροις
656 1204 696 1245 δὲ
716 1206 784 1246 τὸν
798 1205 982 1245 Φωκικὸν
1001 1204 1229 1243 καταλύσειν
1249 1203 1428 1254 πόλεμον.

89 1277 201 1310 τοῦτο
229 1266 264 1309 δ’
292 1266 344 1323 ἦν
370 1270 566 1310 ἀδύνατον
592 1270 696 1325 αὐτῷ
717 1271 912 1322 πολεμίων
945 1269 1069 1309 ὄντων
1090 1265 1334 1320 Ἀθηναίων·
1367 1263 1432 1306 καὶ

90 1335 162 1389 γὰρ
187 1335 376 1388 πρότερον
401 1335 614 1387 βουληθεὶς
633 1336 824 1388 εἰσβαλεῖν
845 1335 898 1382 εἰς
924 1335 996 1386 τὴν
1019 1335 1193 1383 Φωκίδα,
1219 1339 1295 1372 τῶν
1311 1329 1432 1383 Ἀθη-

89 1401 213 1440 ναίων
237 1400 577 1453 περιπλευσάντων
596 1405 679 1447 ταῖς
702 1399 840 1439 ναυσὶν
860 1400 914 1447 εἰς
933 1399 1000 1446 τὰς
1019 1398 1262 1450 καλουμένας
1283 1398 1432 1449 Πύλας,

36 1480 70 1506 10
89 1461 157 1504 ὑπ’
182 1465 297 1505 ἐνίων
318 1464 358 1504 δὲ
376 1466 646 1517 Θερμοπύλας,
665 1464 920 1515 ἀπεκρούσθη
934 1471 1001 1515 τῆς
1015 1464 1181 1503 εἰσόδου.
1207 1469 1283 1502 νῦν
1297 1463 1431 1502 τοίνυν

89 1530 251 1582 εἰρήνην
271 1530 534 1581 ποιησάμενος
552 1530 649 1583 πρὸς
668 1530 759 1577 τοὺς
770 1526 1024 1580 Ἀθηναίους,
1045 1528 1212 1580 μηδενὸς
1232 1528 1432 1567 κωλύσαν-

89 1610 153 1641 τος
178 1594 388 1648 παρελθὼν
413 1595 502 1634 εἴσω
524 1597 684 1646 Πυλῶν,
709 1595 751 1634 τὸ
781 1594 952 1634 Φωκέων
978 1595 1098 1641 ἔθνος
1122 1593 1340 1632 ἀνάστατον
1365 1607 1431 1631 πε-

89 1660 240 1711 ποίηκε,
272 1659 338 1698 καὶ
368 1660 440 1711 τὴν
469 1659 640 1699 Φωκέων
674 1660 715 1699 ἔν
741 1663 820 1707 τοῖς
841 1656 1097 1711 Ἀμφικτύοσι
1122 1659 1250 1712 χώραν
1275 1657 1340 1697 καὶ
1365 1657 1433 1704 τὰς

20 1727 69 1762 56
90 1724 248 1764 ἐκείνων
279 1723 321 1763 ἐν
352 1729 403 1780 τῷ
424 1726 613 1780 συνεδρίῳ
645 1724 813 1775 ψήφους
838 1724 942 1776 παρὰ
968 1730 1045 1763 τῶν
1071 1723 1198 1763 ἄλλων
1220 1718 1433 1775 Ἑλξλήνων

39 1804 71 1831 15
93 1790 265 1841 εἴληφεν.
297 1789 477 1842 πέπομφε
499 1789 539 1829 δὲ
559 1789 624 1829 καὶ
644 1789 740 1841 πρὸς
758 1786 999 1840 Ἀθηναίους
1018 1788 1209 1841 πρέσβεις,
1229 1787 1349 1836 ἀξιῶν
1368 1786 1434 1827 καὶ

93 1853 238 1901 αὐτοὺς
263 1861 384 1894 ταῦτα
409 1858 632 1908 συγχωρεῖν.
665 1854 729 1893 καὶ
749 1853 768 1894 ὁ
789 1853 1054 1905 Δημοσθένης
1079 1858 1266 1905 παραινεῖ
1286 1865 1432 1905 συγχω-

93 1922 193 1971 ρεῖν,
225 1919 272 1959 οὐ
304 1923 355 1974 τῷ
381 1920 575 1972 πράγματι
606 1919 883 1970 συνιστάμενος
915 1917 966 1966 ὡς
1004 1917 1135 1972 ὀρθῶς
1166 1918 1309 1970 ἔχοντι,
1341 1916 1434 1957 οὐδὲ

95 1984 248 2023 δίκαιον
274 1980 374 2023 εἶναι
398 1984 519 2037 λέγων
546 1984 712 2036 μετέχειν
725 1981 958 2034 Ἑλληνικοῦ
980 1984 1186 2034 συνεδρίου
1206 1983 1273 2021 τὸν
1295 1985 1433 2022 Μακε-

94 2049 204 2100 δόνα,
236 2048 330 2088 ἀλλὰ
363 2048 530 2088 δεδιέναι
555 2049 719 2099 φάσκων
745 2048 797 2100 μὴ
823 2052 1179 2102 καταναγκασθῶσι
1203 2047 1338 2087 κοινὸν
1362 2046 1434 2086 πό-

43 2128 78 2154 20
97 2116 213 2164 λεμον
233 2113 329 2164 πρὸς
348 2113 522 2161 ἅπαντας
542 2111 838 2164 τοὺς”Ἐλληνας
856 2113 965 2165 ἔχειν.
990 2111 1342 2165 προσκεκρουκέναι
1361 2112 1434 2165 γὰρ

93 2177 191 2230 λέγει
216 2181 296 2225 τοῖς
317 2175 545 2229 Ἀθηναίοις
571 2177 711 2226 ἄλλους
743 2174 795 2218 δι’
824 2177 940 2226 ἄλλας
965 2178 1072 2226 τινὰς
1098 2178 1239 2225 αἰτίας·
1272 2177 1435 2225 τούτους

94 2242 142 2294 δὴ
169 2248 282 2297 κοινῇ
308 2243 540 2295 πολεμήσειν
566 2243 711 2294 αὐτοῖς,
736 2243 772 2283 εἰ
796 2243 983 2295 δώσομεν,
1010 2244 1121 2295 φησί,
1147 2242 1287 2293 κοινὴν
1306 2242 1435 2281 αἰτίαν

1223 2309 1270 2343 4*
