1689 2531
161 391 202 422 12

156 959 198 989 13

154 1456 197 1486 14

151 2024 192 2054 15

237 70 318 111 146
638 70 895 102 ΕΠΙΣΤΟΛΗ
921 69 1173 102 ΦΙΛΙΠΠΟΤ
1501 70 1575 113 [xu

230 166 408 208 πάντων
434 165 718 220 φαυλότατος,
744 166 780 206 εἰ
806 164 1055 206 καταλιπὼν
1079 166 1181 214 τοὺς
1203 164 1452 219 συμμάχους
1471 168 1575 218 μᾶλ-

231 241 310 279 λον
334 237 459 289 ὑμῶν
485 237 758 290 φροντίζοιμι
783 242 871 277 τῶν
896 235 1037 276 πάντα
1062 250 1135 287 μοι
1160 235 1324 289 τρόπον
1345 236 1575 291 ἐνοχλούν-

229 324 318 350 των
343 308 368 361 ἦ
395 314 483 349 τῶν
508 308 694 360 βεβαίως
720 322 793 359 μοι
821 308 963 360 φίλων
989 305 1055 348 ἀεὶ
1081 307 1322 358 μενόντων;

288 380 344 420 Εἰ
370 379 524 420 τοίνυν
545 379 611 420 δεῖ
635 378 744 431 μηδὲ
762 383 892 419 τοῦτο
912 380 1186 432 παραλιπεῖν,
1211 378 1271 427 εἰς
1291 375 1460 419 τοσοῦτ’
1482 376 1576 432 ἐλη-

230 450 394 491 λύθατε
414 448 676 502 πλεονεξίας,
702 450 810 490 ὥστε
830 449 1044 503 πρότερον
1069 448 1149 501 μὲν
1175 446 1416 490 ἐνεκαλεῖτέ
1432 464 1505 501 μοι
1524 449 1576 490 τὰ
1595 465 1610 491 5

228 519 519 575 προειρημένα
542 521 692 574 μόνον,
717 520 769 561 τὰ
796 517 832 560 δ’
852 519 1130 573 ὑπογυότατα
1146 517 1150 576 Ι
1168 520 1470 573 Πεπαρηθίων
1493 535 1575 574 φα-
1596 522 1670 557 162

229 593 426 633 σκόντων
465 592 588 632 δεινὰ
625 590 897 632 πεπονθέναι
934 589 1223 642 προσετάξατε
1260 594 1320 647 τῷ
1356 595 1581 648 στρατηγῷ

229 665 356 717 δίκην
376 660 474 715 παρ’
496 660 600 714 ἐμοῦ
623 664 774 715 λαβεῖν
790 661 899 715 ὑπὲρ
922 659 1113 715 ἐκείνων,
1127 660 1202 710 οὓς
1224 659 1306 715 ἐγὼ
1327 661 1406 713 μὲν
1426 659 1575 714 ἐτιμω-

228 734 427 788 ρησάμην
442 731 725 786 ἐνδεεστέρως
740 731 764 786 ἢ
780 739 1012 786 προσῆκεν,
1027 730 1184 773 ἐκεῖνοι
1200 729 1236 773 δ’
1255 733 1428 786 εἰρήνης
1442 732 1575 786 οὔσης

226 805 543 858 καταλαβόντες
559 801 824 857 Ἁλόννησον
844 803 944 844 οὔτε
957 804 1006 844 τὸ
1021 803 1182 857 χωρίον
1202 803 1302 844 οὔτε
1322 804 1423 853 τοὺς
1439 818 1575 856 φρου-
1596 819 1628 844 10

227 878 330 931 ροὺς
357 875 626 917 ἀπεδίδοσαν
651 873 898 926 πέμψαντος
924 873 1033 928 ὑπὲρ
1061 873 1206 915 αὐτῶν
1233 872 1337 926 ἐμοῦ
1358 873 1575 924 πολλάκις.

225 948 347 1000 ὑμεῖς
374 944 411 988 δ’
444 943 506 988 ὧν
531 946 611 998 μὲν
637 945 851 999 ἠδίκησαν
878 943 950 997 ἐμὲ
976 946 1277 999 Πεπαρήθιοι,
1301 945 1470 986 τούτων
1495 945 1575 998 μὲν

226 1018 358 1060 οὐδὲν
391 1016 709 1071 ἐπεσκέψασθε,
740 1017 820 1070 τὴν
856 1016 904 1057 δὲ
929 1017 1153 1070 τιμωρίαν,
1188 1015 1375 1070 ἀκριβῶς
1401 1016 1576 1066 εἰδότες·

224 1091 365 1131 καίτοι
396 1089 477 1143 τὴν
514 1094 652 1142 νῆσον
685 1085 773 1129 οὔτ’
808 1085 1001 1136 ἐκείνους
1040 1084 1139 1128 οὔθ’
1177 1087 1287 1139 ὑμᾶς
1319 1086 1575 1141 ἀφειλόμην,

224 1159 333 1201 ἀλλά
359 1160 436 1201 τὸν
463 1159 625 1215 λῃστὴν
652 1159 929 1211 Σώστρατον.
962 1159 999 1199 εἰ
1019 1158 1099 1210 μὲν
1119 1155 1201 1199 οὖν
1221 1157 1348 1200 αὐτοί
1366 1174 1475 1212 φατε
1494 1173 1574 1200 πα-
1594 1177 1626 1202 15

224 1232 438 1285 ραδοῦναι
464 1230 724 1286 Σωστράτῳ,
750 1230 906 1287 λῃστὰς
928 1229 1177 1283 ὁμολογεῖτε
1199 1228 1508 1281 καταπέμπειν·
1535 1231 1572 1272 εἰ

223 1300 259 1344 δ’
293 1302 490 1343 ἀκόντων
516 1301 640 1353 ὑμῶν
673 1299 835 1349 ἐκεῖνος
863 1299 1048 1354 ἐκράτει,
1079 1301 1123 1341 τί
1148 1300 1296 1341 δεινὸν
1321 1301 1573 1343 πεπόνθατε

223 1371 433 1427 λαβόντος
461 1370 566 1425 ε’μοῦ
587 1372 658 1413 καὶ
678 1372 755 1413 τὸν
775 1372 911 1413 τόπον
931 1378 1020 1420 τοῖς
1039 1370 1249 1412 πλέουσιν
1270 1370 1443 1425 ἀσφαλῆ
1464 1386 1571 1426 παρ-

224 1444 416 1499 ε’χοντος;
460 1443 678 1497 τοσαύτην
723 1441 773 1484 δέ
813 1458 896 1494 μου
936 1441 1201 1494 ποιουμένου
1240 1443 1454 1496 πρόνοιαν
1496 1449 1571 1496 τῆς

221 1515 429 1569 ὑμετέρας
461 1515 644 1568 πόλεως,
675 1513 746 1555 καὶ
779 1514 978 1562 διδόντος
1005 1512 1113 1568 αὐτῇ
1139 1514 1219 1567 τὴν
1244 1520 1404 1568 νῆσον,
1429 1514 1469 1555 οἱ
1497 1514 1570 1569 ρή-
1590 1531 1624 1556 20

222 1602 344 1641 τορες
377 1585 616 1639 λαμβάνειν
648 1584 728 1637 μὲν
760 1584 839 1626 οὐκ
866 1583 987 1638 εἴων,
1021 1583 1259 1637 ἀπολαβεῖν
1285 1584 1333 1625 δὲ
1360 1585 1571 1638 συνεβού-

223 1661 371 1711 λευον,
404 1657 518 1706 ὅπως
543 1656 781 1708 ὑπομείνας
807 1655 887 1708 μὲν
912 1655 960 1696 τὸ
987 1656 1366 1709 προσταττόμενον
1391 1656 1471 1710 τὴν
1497 1655 1570 1698 ἀλ-

223 1729 400 1782 λοτρίαν
444 1725 559 1782 ἔχειν
603 1727 819 1780 ὁμολογῶ,
862 1727 917 1780 μὴ
957 1725 1192 1780 προέμενος
1238 1726 1285 1767 δὲ
1322 1727 1370 1767 τὸ
1408 1728 1570 1781 χωρίον

221 1798 413 1848 ὕποπτος
440 1798 630 1852 γένωμαι
656 1803 715 1855 τῷ
734 1800 906 1851 πλήθει.
950 1798 1083 1851 γνοὺς
1110 1795 1192 1850 ἐγὼ
1219 1803 1354 1838 ταῦτα
1379 1797 1568 1851 προύκα-

223 1869 390 1923 λούμην
421 1873 630 1923 κριθῆναι
662 1869 760 1922 περὶ
792 1868 961 1909 τούτων
992 1868 1099 1921 πρὸς
1131 1868 1260 1922 ὑμᾶς,
1291 1865 1346 1908 ἵν’
1379 1867 1456 1909 ἐὰν
1488 1868 1568 1921 μὲν
1588 1885 1621 1911 25

221 1939 298 1995 ἐμὴ
331 1944 533 1995 γνωσθῇ,
564 1937 663 1993 παρ’
702 1937 807 1992 ἐμοῦ
841 1940 955 1994 δοθῇ
987 1939 1035 1980 τὸ
1068 1940 1230 1994 χωρίον
1261 1938 1385 1993 ὑμῖν,
1417 1937 1492 1980 ἐὰν
1524 1940 1562 1981 δ’

219 2011 404 2066 ὑμετέρα
429 2014 577 2066 κριθῇ,
602 2009 687 2052 τότ’
708 2010 856 2052 ἀποδῶ
882 2014 940 2067 τῷ
963 2010 1093 2066 δήμω.
1126 2015 1261 2051 ταῦτα
1282 2007 1317 2050 δ’
1339 2008 1444 2062 ἐμοῦ
1464 2014 1568 2052 πολ-

220 2083 339 2132 λάκις
367 2082 611 2136 ἀξιοῦντος,
645 2081 767 2134 ὑμεῖς
793 2082 874 2134 μὲν
899 2081 951 2123 οὐ
984 2082 1251 2135 προσείχετε,
1286 2083 1566 2136 Πεπαρήθιοι

220 2154 268 2196 δὲ
293 2155 373 2208 τὴν
398 2160 536 2207 νῆσον
562 2153 813 2206 κατέλαβον.
846 2154 889 2194 τί
913 2150 994 2194 οὖν
1021 2151 1151 2207 ἐχρῆν
1170 2168 1221 2205 με
1241 2159 1402 2202 ποιεῖν;
1428 2152 1480 2194 οὐ
1502 2153 1566 2194 δί-

217 2241 299 2280 κην
331 2227 482 2278 λαβεῖν
513 2225 629 2279 παρὰ
659 2231 747 2265 τῶν
778 2223 1141 2278 ὑπερβεβηκότων
1171 2224 1272 2273 τοὺς
1299 2223 1473 2278 ὅρκουςς
1511 2223 1563 2265 οὐ
1583 2238 1617 2264 3ο
1675 2241 1689 2275 Μ
