1689 2531
160 351 205 381 40

164 706 206 737 41

171 1277 214 1307 42

175 1634 219 1664 43

179 2060 224 2090 44

237 101 321 142 110
721 101 1096 136 ΔΗΜΟΣΘΕΝΟΤΣ
1525 102 1585 146 ῌΧ

1515 160 1531 182 ι

232 198 441 253 ὁμολογῇ
482 199 691 252 συγγνώμη
724 203 804 247 τοῖς
835 199 1114 252 ἐλεγχομένοις·
1152 204 1290 251 μῖσος,
1327 196 1382 238 ἂν
1413 197 1584 246 τούτοις

231 285 295 318 τις
323 267 513 324 ἐπιτιμᾷ·
538 269 673 310 τᾶλλα
692 265 825 309 πάνθ’
854 266 916 309 ὄσ’
945 267 991 309 ἐκ
1010 274 1088 310 τοῦ
1110 269 1376 322 δωροδοκεῖν
1395 268 1585 322 ἤρτηται.

234 339 325 382 ἐπεὶ
361 342 551 394 τριήρεις
589 355 638 393 γε
675 339 747 381 καὶ
786 340 997 391 σωμάτων
1040 343 1210 393 πλῆθος
1247 340 1319 381 καὶ
1356 339 1587 394 χρημάτων

232 414 421 466 πρόσοδοι
452 412 524 452 καὶ
556 417 630 464 τῆς
663 411 795 464 ἄλλης
826 417 1091 465 κατασκευῆς
1118 410 1336 465 ἀφθονία,
1367 411 1438 452 καὶ
1463 408 1581 452 τᾶλλ’

234 477 297 532 οἷς
336 483 391 524 ἄν
428 498 492 532 τις
532 482 700 536 ἰσχύειν
736 483 811 531 τὰς
849 483 996 532 πόλεις
1033 483 1195 536 κρίνοι,
1231 488 1316 523 νῦν
1352 482 1485 523 ἅπασι
1517 481 1589 522 καὶ

233 555 366 596 πλείω
393 554 465 595 καὶ
490 554 615 605 μείζω
644 551 734 594 ἐστὶ
759 560 848 594 τῶν
873 554 969 595 τότε
995 557 1147 610 πολλῷ.
1180 552 1289 594 ἀλλὰ
1307 550 1426 594 ταῦτ’
1458 554 1588 607 ἄχρη-

236 636 327 679 στα,
353 625 560 678 ἄπρακτα,
587 623 778 677 ἀνόνητα
804 623 889 666 ὑπὸ
916 631 1004 666 τῶν
1029 624 1298 665 πωλούντων
1322 625 1529 678 γίγνεται.

285 693 380 737 ’Ότι
407 693 444 736 δ’
477 694 590 737 οὕτω
617 693 737 736 ταῦτ’
769 693 869 750 ἔχει,
894 696 946 736 τὰ
972 696 1052 748 μὲν
1083 701 1169 737 νῦν
1196 695 1323 749 ὁρᾶτε
1350 696 1491 749 δήπου
1517 695 1590 736 καὶ

237 766 369 808 οὐδὲν
396 765 501 818 ἐμοῦ
528 767 796 820 προσδεῖσθε
822 767 1057 821 μάρτυρος·
1085 767 1137 808 τὰ
1163 764 1200 808 δ’
1227 765 1275 808 ἐν
1300 773 1390 816 τοῖς
1413 766 1591 807 ἄνωθεν

237 839 411 893 χρόνοις
454 838 519 879 ὅτι
569 836 761 879 τάναντί’
807 833 922 892 εἶχεν
966 836 1049 892 ἐγὼ
1095 838 1296 892 δηλώσω,
1340 837 1392 879 οὐ
1432 838 1589 891 λόγους

239 908 428 962 ἐμαυτοῦ
456 908 608 962 λέγων,
633 908 742 950 ἀλλὰ
768 909 996 963 γράμματα
1023 916 1111 951 τῶν
1131 909 1364 963 προγόνων
1383 915 1471 950 τῶν
1490 907 1593 960 ὑμε-

238 979 376 1034 τέρων
409 979 574 1022 ἁκεῖνοι
606 979 832 1022 κατέθεντ’
866 982 926 1030 εἰς
960 983 1122 1035 στήλην
1154 983 1318 1035 χαλκῆν
1348 979 1593 1034 γράψαντες

240 1053 299 1101 εἰς
326 1051 579 1106 ἀκρόπολιν,
605 1054 674 1106 οὐχ
701 1050 754 1093 ἵν’
789 1054 922 1102 αὐτοῖς
949 1047 973 1111 ᾗ
1000 1055 1167 1107 χρήσιμα
1195 1051 1369 1107 (καὶγὰρ
1389 1052 1484 1092 ἄνευ
1504 1054 1594 1092 τού-

240 1141 316 1164 των
342 1132 419 1164 τῶν
445 1126 679 1178 γραμμάτων
705 1125 749 1164 τὰ
777 1123 901 1164 δέοντ’
920 1123 1150 1177 ἐφρόνουν),
1172 1122 1255 1164 ἀλλ’
1279 1121 1331 1164 ἵν’
1349 1124 1459 1176 ὑμεῖς
1477 1119 1590 1176 ἔχηθ’

241 1196 502 1247 ὑπομνήματα
528 1196 592 1235 καὶ
619 1197 924 1249 παραδείγματα,
951 1195 1003 1243 ὡς
1035 1195 1132 1248 ὑπὲρ
1158 1203 1235 1255 τῷν
1261 1196 1450 1235 τοιούτων
1475 1208 1595 1234 σπου-

242 1268 372 1314 δάζειν
386 1268 585 1320 προσήκει.
617 1269 654 1307 τί
672 1263 745 1307 οὖν
759 1267 857 1321 λέγει
877 1268 920 1307 τὰ
941 1269 1164 1321 γράμματα;
1189 1263 1441 1320 ,,’Άρθμιος“
1461 1264 1597 1318 φησὶν

241 1337 571 1391 ,,Πυθώνακτος
606 1337 807 1390 Ζελείτης
840 1338 990 1389 ἄτιμος
1025 1337 1097 1378 καὶ
1123 1335 1326 1389 πολέμιος
1351 1340 1430 1377 τοῦ
1458 1335 1597 1388 δήμου

244 1414 321 1450 τοῦ
339 1405 587 1462 Ἀθηναίων
612 1408 684 1449 καὶ
704 1415 793 1449 τῶν
814 1408 1052 1463 συμμάχων
1072 1407 1202 1457 αὐτὸς
1222 1408 1294 1449 καὶ
1313 1406 1476 1461 γένος.“
1508 1401 1593 1448 εἶθ’

245 1481 269 1534 ἡ
297 1481 412 1521 αἰτία
430 1479 432 1535 ᾗ
450 1479 700 1534 γέγραπται,
733 1478 788 1520 δι’
821 1479 876 1533 ἣν
902 1477 1020 1520 ταῦτ’
1054 1477 1243 1533 ἐγένετο·
1269 1479 1358 1533 ,,ὄτι
1391 1478 1469 1519 τὸν
1494 1493 1598 1532 χρυ-

247 1552 327 1593 σὸν
364 1552 442 1592 τὸν
478 1549 523 1591 ἐκ
562 1551 735 1604 qu'dcov
773 1552 833 1600 εἰς
873 1551 1220 1604 Πελοπόννησον
1253 1549 1424 1604 ἤγαγε.“
1473 1546 1593 1590 ταῦτ’

247 1620 336 1664 ἐστὶ
363 1622 415 1663 τὰ
440 1621 680 1675 γράμματα.
714 1623 940 1675 λογίζεσθε
967 1622 1020 1676 δὴ
1046 1622 1154 1675 πρὸς
1174 1625 1307 1675 θεῶν,
1332 1622 1396 1669 τίς
1415 1617 1471 1673 ἧν
1490 1617 1595 1661 ποθ’

248 1694 271 1747 ἡ
300 1692 473 1734 διάνοια
498 1699 587 1734 τῶν
604 1690 849 1746 Ἀθηναίων
874 1700 963 1734 τῶν
994 1694 1090 1734 τότε
1122 1698 1258 1734 ταῦτα
1283 1692 1550 1745 ποιούντων,
1573 1689 1600 1744 ἢ

247 1766 291 1806 τί
320 1766 368 1806 τὸ
402 1763 577 1816 ἀξίωμα.
624 1763 783 1806 ἐκεῖνοι
812 1766 1019 1818 Ζελείτην
1050 1761 1412 1818 τινά,Ἄρθμιον,
1439 1763 1602 1804 δοῦλον

248 1834 458 1890 βασιλέως
486 1834 529 1891 (ἡ
557 1836 639 1889 γὰρ
669 1835 822 1878 Ζέλειά
848 1835 939 1877 ἐστι
964 1843 1039 1890 τῆς
1057 1834 1229 1889 Ἀσίας),
1255 1835 1321 1876 ὅτι
1341 1840 1399 1891 τῷ
1414 1834 1602 1890 δεσπότῃ

250 1908 469 1948 διακονῶν
501 1908 686 1961 χρυσίον
711 1908 875 1961 ἤγαγεν
901 1908 961 1956 εἰς
989 1907 1348 1960 Πελοπόννησον,
1379 1905 1459 1947 οὐκ
1479 1906 1603 1960 Ἀθή-

250 1980 361 2032 ναζε,
388 1975 552 2032 ἐχθρὸν
573 1979 718 2019 αὑτῶν
738 1977 992 2032 ἀνέγραψαν
1012 1978 1083 2019 καὶ
1103 1984 1190 2018 τῶν
1212 1977 1449 2032 συμμάχων
1468 1977 1604 2019 αὐτὸν

250 2050 324 2090 καὶ
355 2048 499 2103 γένος,
530 2049 601 2090 καὶ
634 2049 824 2102 ἀτίμους.
869 2055 999 2092 τοῦτο
1032 2048 1070 2090 δ’
1104 2048 1222 2090 ἐστὶν
1258 2048 1337 2103 οὐχ
1363 2049 1418 2103 ἣν
1444 2049 1606 2090 οὑτωσί

252 2136 315 2170 τις
336 2119 391 2161 ἂν
412 2123 593 2175 φήσειεν
613 2120 803 2173 ἀτιμίαν·
825 2122 869 2162 τί
880 2121 962 2174 γὰρ
983 2125 1041 2177 τῷ
1059 2122 1248 2178 Ζελείτῃ,
1266 2117 1605 2173 τῶνἈθηναίων

252 2198 414 2233 κοινῶν
453 2193 489 2233 εἰ
527 2192 584 2246 μὴ
622 2191 824 2244 μεθέξειν
854 2189 1052 2244 ἔμελλεν;
1085 2190 1177 2233 ἀλλ’
1211 2190 1258 2233 ἐν
1290 2197 1379 2240 τοῖς
1407 2196 1605 2244 φονικοῖς

1611 857 1645 883 10

1616 1212 1650 1238 15

1619 1482 1686 1519 122

1618 1569 1653 1595 20

1622 1923 1656 1950 25

255 2262 493 2317 γέγραπται
518 2265 683 2317 νόμοις,
709 2263 817 2316 ὑπὲρ
845 2259 907 2304 ὧν
934 2262 988 2304 ἂν
1014 2264 1070 2317 μὴ
1098 2263 1205 2320 διδῷ
1227 2264 1348 2312 δίκας
1376 2263 1518 2316 φόνου
1540 2262 1604 2303 δι·
1623 2279 1658 2305 ³⁰
