1689 2531
67 96 109 141 x]
512 96 639 128 ΚΑΤΑ
665 94 918 127 ΦΙΛΙΠΠΟΤ
944 96 973 126 Δ
1331 91 1413 133 133

68 191 313 233 ὑπόλοιπον
345 191 591 233 δουλεύειν·
618 190 722 232 οὐδὲ
753 190 835 244 γὰρ
868 190 974 231 ἄλλο
999 189 1046 243 γ’
1074 188 1206 230 οὐδὲν
1238 186 1315 231 ἔνι.
1347 187 1418 229 καὶ
1445 199 1488 229 62

69 263 156 317 μὴν
187 261 267 317 οὐχ
298 262 406 317 ὑπὲρ
437 268 526 303 τῶν
559 261 667 303 ἴσων
698 262 802 314 ὑμῖν
832 261 907 302 καί
936 271 1022 302 τισι
1054 267 1142 302 τῶν
1173 261 1318 301 ἄλλων
1345 258 1419 300 ἀν-

70 334 266 388 θρώπων
289 330 386 374 ἔσθ’
419 332 441 374 ὁ
467 333 692 382 κίνδυνος·
719 331 771 374 οὐ
798 332 881 386 γὰρ
908 330 985 385 ὑφ’
1012 330 1129 387 αὑτῷ
1148 332 1419 384 ποιήσασθαι

70 405 151 459 τὴν
175 405 305 446 πόλιν
330 403 534 457 βούλεται
565 404 779 452 Φίλιππος
815 403 950 457 ὑμῶν,
981 402 1053 456 οὕ,
1084 398 1175 442 ἀλλ’
1209 401 1317 450 ὅλως
1345 399 1420 442 ἀν-

2 477 52 514 48
73 478 199 517 ελεῖν.
220 470 312 517 οἶδε
325 475 407 529 γὰρ
423 473 610 528 ἀκριβῶς
626 474 690 515 ὅτι
706 473 935 515 δουλεύειν
954 472 1034 525 μὲν
1051 472 1054 527 Ι
1071 473 1192 524 ὑμεῖς
1213 469 1302 513 οὔτ’
1324 469 1421 512 ἐθε-

36 563 51 588 ε
71 547 241 600 λήσετε,
272 544 379 600 οὔτ’,
412 543 488 586 ἐὰν
514 543 712 599 ἐθέλητε,
746 542 1033 597 ἐπιστήσεσθε
1059 542 1228 599 (ἄρχειν
1253 542 1336 596 γὰρ
1364 543 1422 583 εἰ-

72 614 250 672 ώθατε),
274 616 503 670 πράγματα
523 615 571 657 δὲ
592 621 831 670 παρασχεῖν
851 613 976 670 αὐτῷ,
1002 612 1056 655 ἂν
1076 614 1231 667 καιρὸν
1252 613 1422 667 λάβητε,

71 688 203 729 πλείω
235 695 323 728 τῶν
355 687 499 727 ἄλλων
531 685 782 740 ἀνθρώπων
814 684 1018 726 ἁπάντων
1045 683 1305 737 δυνήσεσθε.
1350 684 1422 724 διὰ

72 755 200 800 ταῦθ’
231 758 354 810 ὑμῶν
381 756 478 812 οὐχὶ
505 758 712 811 φείσεται,
739 756 856 809 ε’ίπερ
885 754 1090 809 ἐγκρατὴς
1116 756 1355 808 γενήσεται.

23 845 54 870 ιο
126 826 203 878 Ὡς
224 825 306 870 οὖν
325 828 433 883 ὑπὲρ
454 836 542 869 τῶν
563 826 755 881 ἐσχάτων
776 825 985 878 ἐσομένου
1006 831 1084 867 τοῦ
1105 824 1286 879 ἀγῶνος,
1306 825 1418 867 οὕτω
1448 837 1490 867 63

74 901 281 956 προσήκει
304 899 577 954 γιγνώσκειν,
597 899 667 939 καὶ
682 900 782 947 τοὺς
803 898 1072 952 πεπρακότας
1093 897 1251 945 αὑτοὺς
1273 893 1421 951 ἐκείνῳ

75 978 274 1025 φανερῶς
306 969 675 1022 ἀποτυμπανίσαι·
714 968 766 1010 οὐ
798 969 880 1023 γὰρ
914 966 1052 1022 ἔστιν,
1083 966 1163 1009 οὐκ
1198 964 1317 1008 ἔστιν
1344 964 1422 1016 ἔξω

74 1049 163 1084 τῶν
187 1047 261 1095 τῆς
287 1042 451 1090 πόλεως
479 1039 653 1095 ἐχθρῶν
673 1046 896 1094 κρατῆσαι,
922 1039 1028 1093 πρὶν
1049 1037 1103 1079 ἂν
1123 1039 1224 1087 τοὺς
1246 1036 1293 1078 ἐν
1315 1037 1423 1092 αὐτῇ

74 1119 126 1170 τῇ
150 1113 274 1154 πόλει
299 1110 500 1165 κολάσητ’
533 1110 740 1166 ἐχθρούς,
765 1109 857 1152 ἀλλ’
890 1109 1054 1163 ἀνάγκη
1081 1109 1252 1158 τούτοις
1279 1108 1422 1162 ὥσπερ

23 1199 54 1224 ιε
75 1184 309 1238 προβόλοις
347 1183 724 1237 προσπταίσαντας
764 1182 1002 1233 ὑστερίζειν
1040 1178 1230 1221 ἐκείνων.
1280 1179 1423 1220 πόθεν
1452 1191 1495 1221 64

76 1255 224 1297 οἴεσθε
250 1260 335 1296 νῦν
361 1254 497 1295 αὐτὸν
528 1252 722 1306 ὑβρίζειν
750 1253 857 1304 ὑμᾶς
885 1250 1037 1307 (οὐδὲν
1062 1251 1144 1305 γὰρ
1167 1247 1259 1291 ἄλλ’
1279 1247 1426 1302 ἔμοιγε

76 1327 196 1368 δοκεῖ
219 1331 362 1367 ποιεῖν
388 1323 412 1378 ἢ
439 1323 588 1379 τοῦτο)
616 1324 685 1364 καὶ
713 1325 814 1372 τοὺς
840 1322 919 1375 μὲν
946 1323 1104 1371 ἄλλους
1131 1317 1179 1363 εὖ
1200 1326 1424 1373 ποιοῦντα,

77 1399 112 1439 εἰ
151 1396 287 1451 μηδὲν
325 1397 443 1450 ἄλλο,
481 1393 708 1448 ἐξαπατᾶν,
747 1395 849 1446 ὑμῖν
889 1392 924 1434 δ’
958 1392 1153 1434 ἀπειλεῖν
1190 1392 1290 1445 ἤδης
1331 1385 1426 1432 οἷον

81 1468 321 1516 Θετταλοὺς
347 1467 486 1507 πολλὰ
513 1466 616 1514 ὁοὺς
642 1462 875 1518 ὑπηγάγετ’
909 1465 967 1513 εἰς
994 1464 1073 1517 τὴν
1092 1469 1179 1504 νῦν
1199 1467 1427 1516 παροῦσαν

25 1553 59 1579 20
79 1539 302 1580 δουλείαν·
330 1536 426 1579 οὐδ’
456 1536 510 1578 ἂν
537 1538 675 1578 εἰπεῖν
696 1534 862 1577 δύναιτ’
897 1534 1039 1584 οὐδεὶς
1062 1534 1141 1576 ὅσα
1161 1535 1263 1582 τοὺς
1283 1535 1428 1574 ταλαι-

79 1610 251 1664 πώρους
273 1608 536 1657 Ὀλυνθίους
563 1609 777 1661 πρότερον
804 1607 907 1655 δοὺς
934 1605 1202 1647 Ποτείδαιαν
1223 1602 1428 1656 ἐξηπάτη-

80 1691 156 1722 σεν
181 1680 252 1721 καὶ
278 1677 400 1720 πόλλ’
433 1677 575 1732 ἔτερα·
606 1678 823 1730 Θηβαίους
849 1676 900 1717 τὰ
926 1682 1011 1717 νῦν
1038 1674 1193 1728 ὑπάγει
1220 1674 1300 1727 τὴν
1326 1677 1426 1714 Βοι-

80 1752 213 1794 ωτίαν
239 1751 386 1799 αὐτοῖς
418 1749 640 1802 παραδοὺς
672 1748 743 1788 καὶ
769 1745 1013 1796 ἀπαλλάξας
1045 1745 1235 1798 πολέμου
1263 1747 1428 1786 πολλοῦ

79 1822 150 1864 καὶ
182 1825 390 1877 χαλεποῦ·
422 1820 531 1861 ὥστε
563 1817 898 1872 καρπωσάμενοί
932 1816 1015 1858 τιν’
1052 1816 1223 1858 ἕκαστοι
1261 1815 1429 1857 τούτων
1457 1827 1499 1858 65

27 1905 60 1932 2⁵
80 1890 349 1946 πλεονεξίαν,
375 1892 414 1932 οἱ
441 1890 520 1943 μὲν
545 1890 627 1943 ἤδη
655 1889 932 1930 πεπόνθασιν
953 1888 978 1929 ἃ
1000 1888 1052 1942 δὴ
1073 1888 1363 1939 πεπόνθασιν,
1390 1887 1429 1927 οἱ

81 1963 120 2006 δ’
151 1964 216 2005 ὅτι
250 1963 305 2004 ἄν
336 1976 439 2003 ποτε
473 1963 616 2016 συμβῇ
643 1961 877 2001 πείσονται.
919 1960 1039 2011 ὑμεῖς
1066 1956 1103 2000 δ’
1136 1955 1198 1999 ὧν
1223 1958 1303 2010 μὲν
1329 1956 1430 1998 ἀπε-

83 2034 298 2089 στέρησθε
325 2040 490 2075 σιωπῶ·
517 2031 609 2073 ἀλλ’
642 2030 689 2072 ἐν
721 2031 837 2087 αὐτῷ
858 2035 915 2087 τῷ
937 2031 1016 2084 τὴν
1043 2030 1222 2083 εἰρήνην
1248 2029 1430 2081 ποιήσα-

82 2111 201 2161 σθαι,
213 2104 313 2148 πόσ’
334 2103 617 2157 ἐξηπάτησθε,
630 2103 779 2144 πόσων
793 2100 1101 2155 ἀπεστέρησθε.
1123 2100 1220 2153 οὐχὶ
1246 2097 1433 2153 Φωκέας,

29 2191 62 2217 29
83 2178 135 2220 οὐ
156 2177 327 2230 Πύλας,
353 2175 450 2229 οὐχὶ
470 2174 522 2215 τὰ
543 2172 611 2215 ἐπὶ
641 2170 829 2229 Θρᾴκης,
853 2173 1095 2225 Δορίσκον,
1122 2170 1331 2224 Σέρριον,
1355 2170 1433 2211 τὸν

0 2250 65 2286 [49
86 2246 425 2303 Κερσοβλέπτην
440 2245 592 2295 αὐτόν;
619 2244 671 2286 οὐ
692 2250 775 2285 νῦν
791 2243 991 2297 Καρδίαν
1012 2240 1096 2297 ἔχει
1118 2241 1186 2283 καὶ
1203 2239 1431 2298 ὁμολοῙγεῑ;
