1689 2531
88 130 178 174 vm]
430 129 546 161 ΠΕΡΙ
569 127 667 160 ΤΩΝ
691 129 756 161 EN
780 127 1091 160 ΧΕΡΡΟΝΗΣΩΙ
1378 126 1433 168 97

90 223 233 274 ἐνίους
258 231 347 265 τῶν
373 225 592 278 λεγόντων
618 223 704 279 ὁρῶ
730 221 1096 277 βουλευομένους·
1121 222 1231 276 ὑμᾶς
1250 223 1330 276 μὲν
1349 223 1432 278 γὰρ

89 296 276 351 ἡσυχίαν
307 295 430 348 ἄγειν
458 295 566 349 φασὶ
592 295 705 349 δεῖν,
735 296 818 336 κᾶν
842 309 906 344 τις
931 294 1041 346 ὑμᾶς
1067 293 1213 350 ἀδικῇ,
1238 293 1363 336 αὐτοὶ
1390 293 1429 335 δ’

92 366 144 408 οὐ
177 366 388 407 δύνανται
419 362 518 420 παρ’
551 366 655 417 ὑμῖν
692 366 878 420 ἡσυχίαν
909 365 1032 419 ἄγειν
1065 364 1245 414 οὐδενὸς
1275 365 1434 415 αὐτοὺς

91 437 359 485 ἀδικοῦντος.

52 525 67 550 5
146 503 258 550 Εἶτά
291 517 427 561 φησιν
459 506 505 555 ὃς
532 505 586 548 ἂν
617 507 725 564 τύχῃ
757 506 1010 561 παρελθών·
1045 506 1122 561 ,,οὐ
1154 507 1237 561 γὰρ
1271 505 1437 557 ἐθέλεις

87 578 288 634 γράφειν,
309 577 414 619 οὐδὲ
433 577 724 631 κινδυνεύειν,
744 575 835 618 ἀλλ’
861 578 1044 630 ἄτολμος
1065 573 1106 619 εἶ
1122 578 1193 619 καὶ
1212 578 1438 630 μαλακόςίζ.

89 648 172 703 ἐγὼ
200 649 248 690 δὲ
272 650 445 703 θρασὺς
471 648 551 701 μὲν
585 648 656 689 καὶ
681 648 894 702 βδελυρὸς
925 648 997 689 καὶ
1023 648 1203 703 ἀναιδὴς
1231 646 1320 690 οὔτ’
1353 650 1439 702 εἰμὶ

87 721 193 774 μήτε
223 720 452 774 γενοίμην,
484 718 791 773 ἀνδρειότερον
822 718 971 771 μέντοι
1002 722 1176 760 πολλῶν
1209 719 1325 761 πάνυ
1351 727 1439 761 τῶν

89 789 247 843 ἰταμῶς
272 788 622 842 πολιτευομένων
641 787 739 843 παρ’
766 790 870 842 ὑμῖν
890 788 1078 842 ἐμαυτὸν
1096 790 1296 843 ἡγοῦμαι.
1322 791 1439 841 ὅστις

38 880 71 906 ιο
91 862 171 915 μὲν
197 862 279 915 γὰρ
307 858 339 902 ὦ
366 861 523 915 ἄνδρες
539 858 764 914 Ἀθηναῖοι
789 861 987 914 παριδὼν
1013 860 1038 902 ἃ
1066 863 1260 902 συνοίσει
1286 868 1337 917 τῇ
1363 863 1440 903 πό-

92 936 169 987 λει,
199 933 352 986 κρίνει,
385 931 574 985 δημεύει,
606 932 801 985 δίδωσιν,
832 938 1073 985 κατηγορεῖ,
1105 931 1287 988 οὐδεμιᾷ
1316 930 1434 974 ταῦτ’

93 1003 274 1060 ἀνδρείᾳ
299 1010 432 1057 ποιεῖ,
465 1000 556 1043 ἀλλ’
588 1000 700 1056 ἔχων
733 1000 941 1056 ἐνέχυρον
966 1008 1040 1055 τῆς
1067 1003 1201 1044 αὑτοῦ
1230 1004 1441 1057 σωτηρίας

0 1079 70 1116 107
93 1075 141 1116 τὸ
173 1074 281 1128 πρὸς
315 1073 443 1128 χάριν
475 1074 581 1125 ὑμῖν
613 1072 756 1126 λέγειν
788 1073 1204 1127 καὶὶπολιτεύεσθαι
1237 1073 1441 1127 ἀσφαλῶς

0 1130 1 1134 ¹
94 1145 265 1199 θρασύς
299 1143 434 1186 ἐστιν·
469 1144 587 1193 ὅστις
620 1141 656 1185 δ’
690 1143 797 1197 ὑπὲρ
830 1149 908 1185 τοῦ
934 1145 1161 1197 βελτίστου
1187 1146 1326 1186 πολλὰ
1352 1152 1441 1194 τοῖς

42 1233 76 1259 15
99 1215 319 1269 ὑμετέροις
346 1214 619 1256 ἐναντιοῦται
640 1216 926 1268 βουλήμασιν,
950 1214 1020 1255 καὶ
1045 1215 1181 1268 μηδὲν
1203 1215 1315 1269 λέγει
1335 1216 1442 1270 πρὸς

96 1287 242 1342 χάριν,
274 1285 382 1327 ἀλλὰ
413 1286 461 1327 τὸ
488 1286 717 1339 βέλτιστον
743 1286 845 1339 αἰεί,
876 1285 946 1326 καὶ
977 1285 1058 1339 τὴν
1088 1286 1295 1340 τοιαύτην
1320 1291 1442 1329 πολι-

96 1359 217 1399 τείαν
242 1363 525 1412 προαιρεῖται,
551 1354 599 1397 ἐν
624 1350 650 1414 ᾗ
677 1357 894 1397 πλειόνων
920 1356 944 1409 ἡ
971 1356 1078 1411 τύχη
1098 1358 1228 1411 κυρία
1247 1358 1442 1411 γίγνεται

96 1427 122 1482 ἢ
150 1429 190 1470 οἱ
217 1429 429 1482 λογισμοί,
453 1427 622 1469 τούτων
649 1426 688 1468 δ’
719 1426 977 1481 ἀμφοτέρων
1003 1425 1159 1468 ἑαυτὸν
1185 1428 1444 1470 ὑπεύθυνον

98 1499 202 1551 ὑμῖν
236 1498 431 1553 παρέχει,
465 1495 592 1547 οὗτός
628 1497 720 1539 ἐστ’
761 1497 978 1552 ἀνδρεῖος,
1015 1499 1086 1539 καὶ
1123 1500 1330 1553 χρήσιμος
1368 1514 1444 1541 πο-

45 1587 80 1612 20
100 1571 216 1623 λίτης
237 1569 259 1611 ὁ
286 1570 482 1618 τοιοῦτός
510 1567 646 1623 ε’στιν,
678 1569 756 1623 οὐχ
784 1570 823 1610 οἱ
851 1575 924 1621 τῆς
951 1567 1049 1623 παρ’
1082 1569 1246 1623 ἡμέραν
1271 1570 1444 1624 χάριτος

100 1641 152 1681 τὰ
176 1640 356 1694 μέγιστα
381 1646 454 1693 τῆς
480 1641 643 1689 πόλεως
671 1639 1001 1693 ἀπολωλεκότες,
1027 1639 1101 1688 οὓς
1129 1638 1210 1693 ἐγὼ
1231 1641 1444 1682 τοσούτου

101 1711 184 1752 δέω
211 1713 370 1764 ζηλοῦν
394 1710 419 1764 ἣ
446 1712 637 1763 νομίζειν
663 1710 809 1760 ἀξίους
835 1711 1012 1760 πολίτας
1037 1717 1111 1764 τῆς
1137 1712 1301 1760 πόλεως
1322 1707 1445 1764 εἶναι,

102 1782 209 1823 ὥστ’
239 1781 278 1822 εἴ
301 1797 365 1831 τις
386 1779 527 1834 ἔροιτό
548 1796 615 1833 με·
643 1781 762 1835 »εἰπέ
779 1796 864 1834 μοι,
891 1783 944 1821 σὺ
966 1782 1014 1822 δὲ
1034 1782 1077 1822 τί
1094 1782 1174 1835 τὴν
1193 1782 1323 1823 πόλιν
1343 1783 1446 1835 ἡμῖν

102 1851 276 1906 ἀγαθὸν
306 1852 585 1906 πεποίηκαςς(ί
615 1850 727 1906 ἔχων
767 1849 798 1892 ὦ
832 1852 987 1905 ἄνδρες
1006 1849 1229 1905 Ἀθηναῖοι
1260 1852 1332 1893 καὶ
1357 1868 1446 1906 τρι-

50 1939 82 1965 25
102 1924 309 1977 ηραρχίας
331 1924 469 1964 εἰπεῖν
494 1923 565 1964 καὶ
585 1924 788 1977 χορηγίας
809 1922 880 1963 καὶ
900 1922 1129 1976 χρημάτων
1150 1924 1356 1977 εἰσφορὰς
1376 1923 1446 1964 καὶ

106 1993 250 2042 λύσεις
283 1993 565 2047 αἰχμαλώτων
596 1994 667 2034 καὶ
704 1993 905 2042 τοιαύτας
937 1993 1067 2042 ἄλλας
1101 1995 1447 2047 φιλανθρωπίας,

106 2063 238 2105 οὐδὲν
271 2062 324 2104 ἂν
355 2063 524 2104 τούτων
550 2064 730 2118 εἴποιμι,
762 2060 852 2104 ἀλλ’
886 2063 950 2104 ὅτι
978 2070 1065 2104 τῶν
1090 2064 1302 2104 τοιούτων
1327 2067 1448 2105 πολι-

105 2133 329 2185 τευμάτων
355 2133 488 2175 οὐδὲν
512 2135 811 2188 πολιτεύομαι,
843 2133 954 2175 ἀλλὰ
986 2134 1227 2185 δυνάμενος
1254 2133 1308 2175 ἂν
1334 2135 1449 2189 ἴσως,

106 2204 249 2258 ὥσπερ
276 2204 347 2245 καὶ
372 2203 524 2259 ἕτεροι,
549 2205 620 2246 καὶ
645 2211 902 2258 κατηγορεῖν
922 2204 992 2246 καὶ
1013 2206 1264 2259 χαρίζεσθαι
1284 2205 1355 2246 καὶ
1376 2206 1449 2259 δη-

53 2291 87 2317 so
106 2274 256 2327 μεύειν
287 2275 358 2316 καὶ
389 2273 505 2316 τᾶλλ’
544 2275 569 2316 ἑὲ
601 2282 806 2317 ποιοῦσιν
838 2272 959 2316 οὗτοι
986 2282 1140 2330 ποιεῖν,
1173 2273 1269 2317 οὐδ’
1302 2273 1368 2329 ἐφ’
1401 2276 1449 2317 ἓν

179 2351 351 2383 Dumna-11„
364 2351 453 2376 V01.1
1241 2348 1258 2378 7

1464 518 1507 549 68

1466 803 1510 836 69

1475 2076 1516 2107 71
