1689 2531
103 84 177 128 m]
508 83 764 116 ΕΠΙΣΤΟΛΗ
790 82 1042 114 ΦΙΛΙΠΠΟΤ
1360 78 1441 120 147

102 179 434 233 τιμωρήσασθαι
464 179 566 228 τοὺς
598 177 734 227 οὕτως
767 177 1058 231 ὑπερηφάνως
1091 175 1446 230 ἀσελγαίνοντας;

104 249 176 291 καὶ
199 249 283 303 γὰρ
310 250 347 291 εἰ
373 250 675 304 Πεπαρηθίων
700 246 755 302 ἧν
779 248 805 302 ἡ
831 254 982 302 νῆσος,
1012 248 1056 288 τί
1078 253 1296 302 προσῆκεν
1322 245 1447 287 ἀπαι-

10 325 84 361 163
104 327 196 362 τεῖν
214 317 488 373 Ἀθηναίους;
521 321 557 361 εἰ
585 317 621 361 δ’
653 319 868 375 ὑμεΙτέρα,
901 325 990 368 πῶς
1017 317 1097 360 οὐκ
1122 316 1303 365 ἐκείνοις
1329 316 1447 371 ὀργί-

105 393 231 442 ζεσθε
257 392 550 443 καταλαβοῦσι
576 391 656 444 τὴν
681 389 936 444 άλλοτρίαν;

69 480 84 505 5
162 462 241 510 Εἰς
266 466 395 502 τοῦτο
423 460 470 501 δὲ
495 462 826 514 προβεβήκαμεν
853 457 1026 514 ἔχθρας,
1052 460 1161 500 ὥστε
1180 459 1446 512 βουλόμενος

105 538 196 580 ταῖς
211 531 371 572 ναυσὶν
385 531 445 579 εἰς
458 528 868 584 τὸνἙλλήσποντον
880 532 1150 584 παραβαλεῖν
1163 528 1450 583 ’ἠναγκάσθην

107 602 238 651 αὐτὰς
263 600 545 655 παραπέμψαι
571 602 643 642 διὰ
663 603 946 655 Χερρονήσου
972 607 1023 656 τῇ
1050 604 1240 656 στρατιᾷ,
1265 607 1352 641 τῶν
1372 599 1451 652 μὲν

106 672 362 727 κληρούχων
395 672 502 713 κατὰ
536 673 584 713 τὸ
620 672 934 726 Πολυκράτους
971 672 1109 725 δόγμα
1143 670 1453 723 πολεμούντων

107 743 224 797 ἡμῖν,
248 743 372 795 ὑμῶν
398 743 445 784 δὲ
470 748 650 783 τοιαῦτα
675 742 1002 796 ψηφιζομένων,
1026 747 1104 783 τοῦ
1132 741 1179 782 δὲ
1207 745 1453 795 στρατηγοῦ

57 835 89 860 10
108 815 373 865 Βυζαντίους
405 828 449 854 τε
481 817 836 867 παρακαλοῦντος
873 813 944 854 καὶ
980 812 1312 866 διαγγέλλοντος
1345 812 1454 864 πρὸς

112 884 301 933 ἅπαντας
323 885 388 926 ὅτι
407 887 613 936 πολεμεῖν
633 884 749 941 αὐτῷ
769 884 1066 938 προστάττετε,
1086 883 1139 924 ἂν
1159 883 1313 936 καιρὸν
1333 882 1455 938 λάβῃ.

110 962 289 998 τοιαῦτα
321 955 369 996 δὲ
399 955 578 1010 πάσχων
610 955 722 1007 ὅμως
754 962 827 1009 τῆς
860 956 1024 1004 πόλεως
1058 954 1129 995 καὶ
1154 960 1242 995 τῶν
1267 954 1457 1007 τριήρων

111 1028 182 1069 καὶ
207 1032 281 1080 τῆς
306 1026 447 1081 χώρας
473 1025 734 1081 ἀπεσχόμην,
766 1027 912 1075 ἱκανὸς
938 1026 1000 1066 ὢν
1025 1025 1077 1066 τὰ
1102 1027 1280 1065 πλεῖστα
1308 1024 1458 1076 λαβεῖν

112 1098 137 1152 ἢ
165 1098 318 1151 πάντα,
348 1097 419 1138 καὶ
440 1097 710 1138 διατετέλεκα
729 1096 1082 1151 προκαλούμενος
1101 1095 1211 1148 ὑμᾶς
1232 1096 1291 1143 εἰς
1312 1095 1458 1148 κρίσιν

64 1189 96 1214 15
118 1168 268 1210 ἐλθεῖν
299 1168 408 1222 ὑπὲρ
442 1165 504 1209 ὧν
536 1165 753 1220 αἰτιώμεθ’
794 1167 1018 1221 ἀλλήλους.
1056 1167 1195 1207 καίτοι
1223 1168 1457 1206 σκοπεῖσθε

114 1241 301 1294 πότερον
325 1239 505 1280 κάλλιόν
526 1237 645 1280 ἐστιν
666 1239 813 1287 ὅπλοις
834 1237 857 1291 ἣ
881 1239 1025 1291 λόγοις
1047 1238 1364 1291 διακρίνεσθαι,
1389 1235 1459 1275 καὶ

115 1312 301 1364 πότερον
327 1311 485 1359 αὐτοὺς
506 1306 617 1351 εἶναι
643 1310 885 1363 βραβευτὰς
913 1309 937 1362 ἢ
965 1309 1112 1349 πεῖσαί
1129 1323 1250 1356 τινας
1271 1305 1460 1359 ἑτέρους·

115 1381 187 1422 καὶ
214 1378 425 1434 λογίζεσθ’
460 1381 515 1430 ὡς
542 1381 704 1434 ἄλογόν
737 1379 855 1421 ἐστιν
874 1377 1130 1433 Ἀθηναίους
1168 1379 1355 1425 Θασίους
1382 1376 1461 1428 μὲν

115 1452 187 1493 καὶ
201 1453 467 1505 Μαρωνίτας
488 1450 728 1504 ἀναγκάσαι
748 1451 846 1505 περὶ
865 1450 1064 1504 Στρύμης
1085 1450 1367 1502 διακριθῆναι
1392 1448 1461 1489 λό-

63 1542 97 1567 20
115 1538 222 1576 γοις,
246 1522 406 1572 αὐτοὺς
433 1523 480 1563 ὁὲ
506 1523 612 1576 πρὸς
640 1521 711 1574 ἐμὲ
737 1523 793 1575 μὴ
815 1521 1109 1562 διαλύσασθαι
1130 1520 1227 1573 περὶ
1248 1516 1309 1560 ὧν
1330 1518 1462 1572 ἀμφι-

119 1595 327 1647 σβητοῦσι
348 1594 425 1634 τὸν
445 1594 608 1647 τρόπον
628 1599 798 1646 τοῦτον,
824 1593 962 1641 ἄλλως
982 1607 1027 1633 τε
1046 1592 1117 1632 καὶ
1137 1590 1462 1644 γιγνώσκοντας

118 1664 184 1705 ὅτι
214 1664 469 1718 νικηθέντες
500 1664 580 1716 μὲν
618 1664 749 1705 οὐδὲν
781 1663 1056 1716 ἀποβαλεῖτε,
1092 1663 1381 1715 κρατήσαντες
1415 1660 1462 1701 δὲ

120 1736 313 1788 λήψεσθε
339 1735 391 1776 τὰ
416 1741 501 1776 νῦν
527 1732 602 1788 ὑφ’
633 1735 737 1788 ἡμῖν
764 1735 879 1775 ὄντα,

180 1806 370 1847 Πάντων
391 1806 441 1847 δέ
459 1822 531 1858 μοι
552 1807 671 1847 δοκεῖ
690 1805 1055 1859 παραλογώτατον
1079 1800 1203 1857 εἶναι,
1230 1803 1341 1844 διότι
1362 1802 1464 1854 πέμ-

0 1923 3 1929 ,
68 1895 100 1920 25
120 1883 283 1926 ψαντος
310 1875 415 1928 ἐμοῦ
440 1876 642 1931 πρέσβεις
668 1875 750 1917 ἀπὸ
777 1882 850 1929 τῆς
872 1876 1111 1929 συμμαχίας
1132 1874 1282 1927 πάσης,
1307 1870 1364 1914 ἵν’
1386 1870 1465 1913 ὦσι

119 1946 345 2001 μάρτυρες,
370 1947 440 1987 καὶ
461 1946 732 1999 βουλομένου
753 1948 1021 1999 ποιήσασθαι
1042 1946 1148 1999 πρὸς
1168 1944 1278 1996 ὑμᾶς
1299 1945 1466 1992 δικαίας

120 2014 350 2071 ὁμολογίας
383 2017 491 2071 ὑπὲρ
525 2024 612 2058 τῶν
631 2015 872 2070 (Ελλήνων,
904 2016 1006 2058 οὐδὲ
1038 2017 1138 2064 τοὺς
1174 2015 1272 2068 περὶ
1298 2014 1466 2056 τούτων

122 2090 278 2142 λόγους
310 2087 517 2138 ἐδέξασθε
548 2089 664 2141 παρὰ
695 2095 782 2129 τῶν
807 2088 1153 2141 πρεσβευόντων,
1186 2084 1284 2135 ἐξὸν
1309 2085 1414 2137 ὑμῖν
1440 2085 1464 2139 ἢ

69 2177 102 2202 29
122 2167 210 2201 τῶν
242 2159 464 2200 κινδύνων
496 2157 734 2208 ἀπαλλάξαι
766 2160 867 2207 τοὺς
906 2158 1110 2212 δυσχερὲς
1142 2157 1466 2206 ὑποπτεύοντάς

24 2233 98 2270 164
118 2246 158 2271 τι
185 2227 285 2271 καθ’
317 2231 452 2284 ἡμῶν,
477 2230 501 2283 ἢ
524 2235 723 2283 φανερῶς
745 2227 969 2283 ἐξεῐλέγξαι
989 2243 1040 2281 με
1064 2229 1341 2282 φαυλότατον
1362 2229 1466 2269 ὄντα

1258 2297 1324 2331 10*

1476 461 1518 491 16

1487 1181 1527 1212 17

1492 1815 1534 1846 18
