1689 2531
184 100 244 140 90
672 101 1052 134 ΔΗΜΟΣΘΕΝΟΤΣ
1448 102 1540 146 [vm

181 191 304 250 ,,εἷτ’,
324 193 356 236 ὦ
379 195 561 237 πάντων
581 194 833 250 ἀνθρώπων
854 197 1134 251 φαυλότατοι,
1154 195 1257 238 δέκα
1276 203 1413 250 μῆνας
1434 195 1539 238 ἀπο-

183 266 426 320 γενομένου
458 266 728 321 τάνθρώπου
760 266 832 308 καὶ
865 267 981 323 νόσω
1014 267 1086 308 καὶ
1112 274 1290 322 χειμῶνι
1316 267 1388 309 καὶ
1412 267 1539 309 πολέ-

181 353 280 390 μοις
316 337 666 392 ἀποληφθέντος,
701 337 811 379 ὥστε
845 339 902 392 μὴ
935 337 990 378 ἂν
1022 338 1244 379 δύνασθαι
1277 336 1538 380 ἐπανελθεῖν

114 419 157 451 36
184 409 345 464 οἴκαδε,
371 408 472 450 οὔτε
498 409 578 462 τὴν
603 409 803 462 Εὔβοιαν
828 408 1174 463 ἠλευθερώσατε,
1199 408 1300 451 οὔτε
1325 416 1413 450 τῶν
1437 409 1540 461 ὑμε-

183 479 322 534 τέρων
347 479 493 521 αὐτῶν
519 479 652 520 οὐδὲν
678 478 962 533 ἐκομίσασθε,
996 477 1087 520 ἀλλ’
1121 478 1284 529 ἐκεῖνος
1310 479 1390 532 μὲν
1414 479 1539 532 ὑμῶν
1559 497 1573 523 5

183 550 295 592 οἴκοι
333 551 576 604 μενόντων,
615 552 777 605 σχολὴν
812 549 1022 604 ἀγόντων,
1060 550 1355 604 ὑγιαινόντων
1391 549 1446 606 (εἰ
1483 551 1536 605 δὴ

182 623 284 671 τοὺς
310 621 362 662 τὰ
387 627 567 663 τοιαῦτα
593 627 828 670 ποιοῦντας
853 620 1073 675 ὑγιαίνειν
1100 619 1327 677 φήσαιεν),
1353 618 1419 663 δύ’
1454 622 1458 672 Ι
1489 620 1536 663 ἐν
1556 626 1607 660 99

182 692 355 749 Εὐβοία
374 691 607 746 κατέστησε
619 692 878 746 τυράννους,
894 692 972 733 τὸν
982 692 1062 744 μὲν
1074 691 1316 746 ἀπαντικρὺ
1328 690 1538 746 τῆςἈττι-

113 775 155 806 37
182 769 258 817 κῆς
273 762 546 818 ἐπιτειχίσας,
559 764 637 804 τὸν
653 761 688 804 δ’
699 762 767 804 ἐπὶ
782 764 999 817 Σκίαθον,
1011 762 1133 815 ὑμεῖς
1146 762 1182 804 δ’
1193 763 1296 805 οὐδὲ
1311 760 1428 805 ταῦτ’
1437 762 1538 805 ἀπε-

184 835 394 889 λύσασθε,
415 836 451 876 εἰ
471 834 608 888 μηδὲν
629 832 720 875 ἄλλ’
742 832 995 888 ἐβούλεσθε,
1015 833 1095 875 ἀλλ
1116 833 1301 886 εἰάκατε,
1323 833 1537 888 ἀφέστατε
1558 851 1591 876 10

184 906 319 959 δῆλον
334 906 400 947 ὅτι
415 905 541 962 αὐτῷ,
558 906 630 947 καὶ
651 906 848 960 φανερὸν
862 907 1135 959 πεποιήκατε,
1150 906 1215 947 ὅτι
1230 903 1324 946 οὐδ’
1345 905 1399 947 ἂν
1414 905 1538 947 δεκά-

182 993 248 1026 mg
268 976 487 1034 ἀποθάνῃ,
507 977 639 1019 οὐδὲν
659 980 826 1029 μᾶλλον
846 977 1093 1030 κινήσεσθε.
1126 977 1169 1017 τί
1182 973 1263 1018 οὖν
1277 977 1539 1031 πρεσβεύετε

1280 1046 1304 1068 “
1330 1045 1384 1088 ἂν
1403 1053 1540 1089 ταῦτα

182 1049 254 1090 καὶ
280 1055 559 1102 κατηγορεῖτε
584 1047 656 1089 καὶ
681 1045 904 1101 πράγμαθ’
930 1047 1035 1101 ἡμῖν
1055 1046 1278 1101 παρέχετε;

183 1118 388 1174 λέγωσιν,
419 1120 463 1160 τί
487 1117 673 1174 ἐροῦμεν
699 1118 724 1173 ἢ
758 1120 801 1160 τί
827 1120 1045 1173 φήσομεν,
1069 1115 1309 1172 Ἀθηναῖοις
1349 1116 1431 1172 ἐγὼ
1458 1118 1540 1170 μὲν

182 1191 264 1244 γὰρ
293 1190 372 1245 οὐχ
400 1190 499 1242 ὁρῶ.
1555 1206 1587 1232 15

112 1273 154 1304 38
241 1261 344 1303 Εἰσὶ
370 1262 524 1302 τοίνυν
551 1261 664 1310 τινες
692 1262 734 1302 οἳ
759 1258 844 1302 τότ’
879 1258 1118 1315 ἐξελέγχειν
1144 1259 1222 1302 τὸν
1248 1257 1445 1313 παριόντ’
1477 1259 1539 1301 οἴ-

182 1349 319 1387 ονται,
354 1331 532 1374 ἐπειδὰν
565 1330 813 1386 ἐρωτήσωσι
838 1333 907 1386 ,,τί
931 1328 1013 1373 οὖν
1038 1331 1119 1386 χρὴ
1146 1331 1332 1383 ποιεῖν;ζί
1364 1324 1428 1380 οἷς
1454 1329 1537 1385 ε’γὼ

181 1405 262 1457 μὲν
282 1405 329 1446 τὸ
352 1405 630 1445 δικαιότατον
650 1404 721 1444 καὶ
742 1402 1043 1457 ἀληθέστατον
1063 1400 1179 1444 τοῦτ’
1206 1401 1539 1457 ἀποκρινοῦμαι,

182 1481 317 1517 ταῦτα
348 1476 405 1530 μὴ
438 1482 582 1517 ποιεῖν
615 1474 640 1516 ἃ
666 1474 769 1516 νυνὶ
796 1481 971 1528 ποιεῖτε,
1006 1473 1057 1515 οὐ
1084 1474 1170 1528 μὴν
1197 1472 1305 1514 ἀλλὰ
1331 1473 1402 1514 καὶ
1428 1471 1532 1515 καθ’

182 1546 366 1588 ἕκαστον
391 1546 580 1601 ἀκριβῶς
607 1544 701 1600 ἐρῶ.
735 1546 805 1586 καὶ
827 1546 960 1599 ὅπως,
984 1545 1129 1598 ὥσπερ
1157 1542 1348 1599 ἐρωτῶσι
1368 1544 1539 1598 προθύ-
1559 1562 1593 1587 20

112 1628 154 1658 39
181 1634 283 1672 μως,
309 1617 422 1659 οὕτω
450 1618 521 1658 καὶ
542 1624 686 1658 ποιεῖν
713 1615 988 1670 ἐθελήσουσι.
1020 1623 1195 1669 πρῶτον
1215 1615 1295 1668 μὲν
1321 1612 1353 1656 ὦ
1381 1616 1538 1668 ἄνδρες

172 1687 399 1743 Ἀθηναῖοι
442 1694 572 1730 τοῦτο
605 1686 703 1742 παρ’
735 1688 842 1740 ὑμῖν
874 1687 1021 1736 αὐτοῖς
1048 1688 1234 1741 βεβαίως
1260 1693 1440 1740 γνῶναι,
1472 1687 1538 1728 ὅτι

182 1766 233 1816 τῇ
259 1761 383 1801 πόλει
415 1761 629 1809 Φίλιππος
655 1762 834 1811 πολεμεῖ
853 1759 925 1800 καὶ
944 1759 1024 1813 τὴν
1046 1760 1225 1813 εἰρήνην
1247 1757 1427 1799 λέλυκεν
1448 1756 1538 1813 (καὶ
1664 1789 1672 1826 1

182 1831 415 1872 παύσασθε
440 1831 540 1884 περὶ
566 1831 725 1872 τούτου
752 1836 1096 1885 κατηγοροῦντες
1123 1827 1342 1884 ἀλλήλων)
1368 1829 1439 1870 καὶ
1465 1845 1538 1870 κα-
1655 1826 1671 2126 j

1557 1916 1590 1942 25
1672 1921 1673 1924 ¹

182 1904 340 1952 κόνους
367 1901 446 1954 μέν
474 1900 564 1943 ἐστι
591 1902 662 1943 καὶ
690 1900 848 1957 ἐχθρὸς
876 1902 954 1959 ὅλῃ
980 1907 1031 1956 τῇ
1057 1902 1181 1942 πόλει
1202 1900 1273 1942 καὶ
1292 1905 1351 1957 τῷ
1365 1906 1440 1953 τῆς
1460 1901 1536 1941 πό-

111 1983 155 2015 40
183 1977 288 2022 λεως
321 1971 493 2027 ἐδάφει,
524 1974 764 2026 προσθήσω
800 1972 848 2013 δὲ
878 1972 950 2013 καὶ
981 1978 1070 2021 τοῖς
1104 1969 1152 2012 ἐν
1177 1977 1228 2026 τῇ
1254 1971 1378 2012 πόλει
1403 1976 1538 2012 πᾶσιν

183 2044 456 2099 ἀνθρώποις,
488 2043 560 2085 καὶ
586 2050 676 2092 τοῖς
702 2040 871 2095 μάλιστ’
904 2041 1120 2094 οἰομένοις
1147 2041 1262 2098 αὐτῷ
1283 2042 1538 2096 χαρίζεσθαι

183 2115 240 2171 (εἰ
277 2115 325 2156 δὲ
359 2116 436 2169 μή,
472 2114 738 2165 σκεψάσθων
773 2113 1043 2168 Εὐθυκράτη
1079 2114 1151 2154 καὶ
1189 2111 1399 2166 Λασθένη
1434 2114 1536 2162 τοὺς

176 2185 459 2240 Ὀλυνθίους,
503 2187 547 2227 οἳ
584 2186 817 2235 δοκοῦντες
857 2182 1082 2227 οἰκειότατ’
1126 2184 1242 2241 αὐτῷ
1275 2184 1537 2238 διακεῖσθαι,

183 2256 332 2311 ἐπειδὴ
359 2257 439 2311 τὴν
465 2257 596 2298 πόλιν
622 2256 890 2311 προῦδοσαν,
915 2255 1092 2297 πάντων
1118 2252 1281 2296 κάκιστ’
1313 2253 1537 2296 ἀπολώλα-
1557 2271 1591 2296 3⁰
1658 2240 1670 2399 ἐ
