1689 2531
129 1139 173 1169 34

129 1852 171 1882 35

207 107 227 146 1
236 105 291 145 26
692 106 1066 140 ΔΗΜΟΣΘΕΝΟΤΣ
1513 105 1554 149 [x

206 202 310 251 λε’ως
349 202 736 257 παρασκευάζεται,
772 199 899 252 οὗτος
939 201 1214 251 ἀνάσπαστος
1252 202 1447 257 γέγονεν,
1484 203 1555 245 καὶ

205 273 343 322 πάσας
376 274 451 322 τὰς
483 272 657 328 πράξεις
693 275 898 327 βασιλεὺς
932 273 1011 328 οὐχ
1045 274 1166 328 ἡμῶν
1192 274 1557 328 κατηγορούντων

205 344 449 398 ἀκούσεται,
481 344 557 394 οὓς
589 344 699 400 ὑπὲρ
726 350 805 386 τοῦ
833 344 1134 399 συμφέροντος
1162 343 1216 386 ἂν
1243 345 1452 399 ἡγήσαιτο
1478 351 1557 387 τοῦ

205 416 321 457 ἰδίου
350 415 506 470 λέγειν,
532 415 641 457 ἀλλὰ
661 422 738 458 τοῦ
760 415 1002 470 πράξαντος
1024 415 1160 457 αὐτοῦ
1181 416 1251 457 καὶ
1273 417 1558 470 διοικοῦντος,

204 485 303 528 ὥστ’
325 482 436 529 εἶναι
457 487 622 540 πιστάς,
640 486 643 543 ᾗ
661 487 732 528 καὶ
753 488 908 528 λοιπὸν
930 488 1063 541 λόγον
1084 483 1196 528 εἶναι
1216 494 1305 537 τοῖς
1320 485 1413 541 παρ’
1433 488 1555 542 ἡμῶν
1575 489 1652 526 140
1669 537 1672 545 ¹

203 557 453 613 πρέσβεσιν,
480 558 532 599 ὃν
552 560 758 611 βασιλεὺς
778 556 916 612 ἥδιστ’
945 557 998 600 ἂν
1019 557 1216 612 ἀκούσαι,
1242 559 1297 608 ὡς
1318 559 1396 600 τὸν
1416 557 1555 613 ἀμφο-

202 629 353 682 τέρους
381 629 619 671 ἀδικοῦντα
646 636 770 684 κοινῇ
797 631 1130 683 τιμωρήσασθαι
1157 630 1235 684 δεῖ,
1260 630 1330 670 καὶ
1359 630 1423 671 ὅτι
1444 631 1556 671 πολὺ

202 705 259 756 τῷ
280 702 452 753 βασιλεῖ
479 701 782 755 φοβερώτερός
809 697 904 741 ἐσθ’
938 700 960 741 ὁ
994 701 1222 753 Φίλιππος,
1249 699 1302 741 ἂν
1330 699 1557 755 προτέροις

201 772 304 824 ἡμῖν
343 770 566 825 ἐπιθῆται·
605 773 640 813 εἰ
680 772 762 825 γὰρ
804 770 1215 824 ἐγκαταλειπόμενοί
1251 787 1291 812 τι
1324 768 1550 823 πεισόμεθ’

201 844 334 897 ἡμεῖς,
360 842 495 892 ἀδεῶς
523 840 586 884 ἐπ’
620 841 790 884 ἐκεῖνον
815 843 898 896 ἤδη
926 843 1196 896 πορεύσεται.
1241 842 1349 897 ὑπὲρ
1378 843 1430 897 δὴ
1457 843 1556 884 τού-

200 930 288 956 των
315 914 520 955 ἁπάντων
547 908 666 966 οἶμαι
687 914 782 955 δεῖν
803 913 913 965 ὑμᾶς
933 915 1171 968 πρεσβείαν
1192 912 1438 968 ἐκπέμπειν,
1462 913 1555 968 ἥτις

200 990 258 1042 τῷ
291 988 463 1039 βασιλεῖ
496 984 749 1039 διαλέξεται,
786 985 857 1026 καὶ
889 985 969 1039 τὴν
1002 984 1258 1037 ἀβελτερίαν
1292 984 1557 1040 ἀποθέσθαι,

201 1054 257 1098 δι’
295 1057 351 1111 ἣν
382 1056 589 1106 πολλάκις
622 1056 916 1110 ἠλαττώθητε,
950 1055 998 1110 ,,ὁ
1036 1057 1088 1110 δὴ
1121 1056 1367 1110 βάρβαρος(ί
1405 1056 1476 1098 καὶ
1508 1056 1555 1111 ,,ὁ

200 1129 346 1178 κοινὸς
374 1128 537 1169 ἅπασιν
564 1126 721 1183 ἐχθρός
738 1128 760 1181 ⁶,
786 1128 855 1168 καὶ
882 1127 1023 1168 πάντα
1049 1128 1100 1168 τὰ
1126 1133 1317 1169 τοιαῦτα.
1363 1125 1444 1181 ἐγὼ
1471 1128 1553 1182 γὰρ

202 1199 307 1240 ὅταν
337 1196 420 1241 τιν’
459 1199 537 1240 ἴδω
571 1200 649 1240 τὸν
675 1199 754 1250 μεν
788 1197 836 1239 ἐν
862 1198 1054 1247 Σούσοις
1080 1198 1151 1239 καὶ
1171 1195 1454 1252 Ἐγβατάνοις
1488 1199 1555 1240 δε-

201 1270 378 1311 δοικότα
410 1270 481 1311 καὶ
513 1271 733 1311 κακόνουν
766 1265 878 1310 εἶναι
911 1275 962 1324 τῇ
988 1271 1111 1310 πόλει
1139 1269 1377 1324 φάσκοντα,
1413 1269 1458 1319 ὃς
1484 1270 1555 1311 καὶ

200 1342 416 1395 πρότερον
443 1341 826 1395 συνεπηνώρθωσε
851 1341 904 1381 τὰ
930 1346 1003 1394 τῆς
1030 1342 1194 1390 πόλεως
1227 1340 1456 1394 πράγματα
1485 1341 1555 1382 καὶ

200 1418 285 1453 νῦν
306 1411 592 1466 ἐπηγγέλλετο
614 1412 670 1467 (εἰ
692 1412 738 1453 δὲ
759 1412 816 1466 μὴ
838 1409 1032 1466 ἐδέχεσθ’
1059 1411 1192 1466 ὑμεῖς,
1218 1409 1308 1452 ἀλλ’
1337 1411 1555 1466 ἀπεψηφί-

201 1486 341 1538 ζεσθε,
361 1483 413 1525 οὐ
428 1484 480 1525 τά
495 1481 527 1537 γ’
537 1482 707 1524 ἐκείνου
724 1481 873 1538 αἴτια),
892 1482 1002 1536 ὑπὲρ
1024 1482 1071 1524 δὲ
1092 1488 1170 1524 τοῦ
1192 1481 1261 1524 ἐπὶ
1281 1489 1372 1532 ταῖς
1393 1483 1554 1538 θύραις

202 1554 330 1609 ἐγγὺς
363 1555 524 1597 οὑτωσὶ
558 1553 605 1596 ἐν
636 1554 744 1611 με’σῃ
777 1560 828 1609 τῇ
854 1551 1030 1595 Ἑλλάδι
1064 1553 1364 1607 αὐξανομένου
1393 1557 1553 1612 λῃστοῦ

200 1633 288 1667 τῶν
314 1623 537 1680 Ἑλλήνων
570 1626 676 1667 ἄλλο
708 1640 750 1666 τι
783 1624 979 1679 λέγοντα,
1017 1625 1238 1680 θαυμάζω,
1273 1625 1343 1666 καὶ
1377 1624 1553 1667 δέδοικα

201 1703 372 1751 τοῦτον,
405 1697 523 1746 ὅστις
556 1695 610 1738 ἂν
642 1691 668 1755 ᾗ
700 1694 812 1751 ποτ’,
845 1694 993 1750 ἔγωγε,
1026 1695 1173 1750 ἐπειδὴ
1207 1696 1285 1751 οὐχ
1320 1693 1446 1746 οὗτος
1477 1698 1553 1738 Φί-

201 1772 373 1810 λιππον.

249 1837 370 1880 ’Ἐστι
396 1840 551 1881 τοίνυν
572 1845 747 1893 πρᾶγμα
768 1839 838 1880 καὶ
860 1839 978 1893 ἄλλο,
1005 1838 1026 1880 ὃ
1050 1839 1302 1891 λυμαίνεται
1322 1839 1403 1892 τὴν
1422 1839 1552 1880 πόλιν

198 1910 284 1952 ὑπὸ
305 1912 582 1964 βλασφημίας
599 1909 752 1952 ἀδίκου
768 1910 839 1951 καὶ
856 1911 1000 1963 λόγων
1014 1909 1065 1951 οὐ
1080 1910 1394 1963 προσηκόντων
1408 1910 1553 1963 διαβε-

199 1981 431 2036 βλημένον,
464 1976 554 2022 εἶτα
587 1988 676 2030 τοῖς
709 1981 846 2035 μηδὲν
877 1987 965 2022 τῶν
998 1979 1046 2022 ἐν
1071 1987 1122 2036 τῇ
1149 1982 1345 2037 πολιτείᾳ
1371 1981 1552 2022 δικαίων

198 2052 484 2107 βουλομένοις
517 2059 660 2093 ποιεῖν
685 2053 911 2106 πρόφασιν
937 2051 1130 2106 παρέχει·
1163 2052 1234 2093 καὶ
1260 2051 1449 2106 πάντων,
1483 2049 1545 2093 ὅσ’

199 2123 398 2178 ἐκλείπει,
431 2122 533 2164 δέον
564 2122 681 2177 παρά
707 2139 784 2164 του
812 2124 1060 2177 γίγνεσθαι,
1093 2120 1162 2164 ἐπὶ
1188 2120 1314 2165 τοῦθ’
1348 2122 1552 2176 εὑρήσετε

198 2196 278 2249 τὴν
305 2196 449 2236 αἰτίαν
475 2194 823 2248 ἀναφερομένην.
862 2194 960 2248 περὶ
988 2190 1040 2235 οὗ
1067 2193 1183 2236 πάνυ
1210 2194 1290 2246 μὲν
1317 2195 1552 2252 φοβοῦμαι,

1576 575 1591 600 6

1577 861 1610 886 10

1576 1218 1609 1243 15

1574 1573 1608 1599 20

1572 1928 1605 1954 25

126 2278 171 2308 36
199 2267 250 2308 οὐ
278 2268 364 2321 μὴν
390 2263 482 2308 ἀλλ’
516 2265 615 2321 ε’ρῶ·
644 2261 762 2318 οἶμαι
789 2266 871 2320 γὰρ
899 2264 1012 2316 ἕξειν
1039 2265 1109 2307 καὶ
1135 2265 1244 2320 ὑπὲρ
1264 2272 1353 2306 τῶν
1373 2264 1550 2321 ἀπόρων
1570 2282 1604 2308 80
