1689 2531
135 72 175 116 x]
579 73 705 105 ΚΑΤΑ
731 73 983 106 ΦΙΛΙΠΠΟΤ
1009 75 1039 106 Δ
1393 73 1474 114 119

134 167 330 209 ἀκούετε·
362 168 428 210 ὅτι
453 165 492 209 δ’
523 167 604 210 οὐκ
634 166 701 210 ἔνι
732 168 889 222 ταύτης
916 167 1084 210 ἐκεῖνον
1116 167 1309 224 ἐπισχεῖν
1335 167 1381 211 ἐκ
1408 171 1478 211 λό-

134 254 216 292 γου
237 239 308 280 καὶ
329 239 593 293 δημηγορίας
613 239 758 289 οὐδεὶς
778 239 929 293 ἀγνοεῖ
948 240 1102 293 δήπου.
1127 240 1199 281 καὶ
1219 241 1301 294 γὰρ
1323 241 1359 282 εἰ
1373 238 1472 294 μηδ’

135 307 209 364 ἀφ’
241 308 337 358 ἑνὸς
363 316 451 351 τῶν
477 310 622 351 ἄλλων
646 316 775 352 τοῦτο
801 314 964 362 μαθεῖν
990 310 1176 352 δύναταί
1199 326 1276 364 τις,
1301 311 1380 352 ὡδὶ
1408 315 1478 353 λο-

134 379 346 433 γισάσθω.
372 380 492 434 ἡμεῖς
513 380 708 433 οὐδαμοῦ
729 381 914 436 πώποτε,
940 382 1049 423 ὅπου
1070 381 1168 434 περὶ
1189 389 1276 423 τῶν
1297 382 1478 423 δικαίων

41 454 115 490 132
136 452 275 492 εἰπεῖν
301 449 489 504 ἐδέησεν,
516 451 765 505 ἡττήθημεν
792 450 885 493 οὐδ’
918 451 1086 494 ἀδικεῖν
1113 450 1346 507 ἐδόξαμεν,
1371 452 1480 494 ἀλλὰ

98 540 113 565 6
133 521 310 562 πάντων
329 527 550 576 πανταχοῦ
571 528 815 575 κρατοῦμεν
834 522 905 563 καὶ
925 524 1156 576 περίεσμεν
1179 527 1238 580 τῷ
1254 524 1378 579 λόγῳ.
1406 520 1469 578 ἆρ’

134 589 217 634 οὖν
243 593 315 634 διὰ
340 590 457 634 τοῦτ’
484 590 634 648 ἐκείνῳ
662 593 838 646 φαύλως
865 591 951 648 ἔχει
976 594 1028 635 τὰ
1049 591 1260 648 πράγματ’
1286 611 1311 647 η
1332 600 1383 649 τῇ
1403 595 1481 635 πό-

136 667 198 705 λει
223 666 384 714 καλῶς;
410 666 574 704 πολλοῦ
601 678 649 716 γε
676 664 745 704 καὶ
775 664 857 705 δεῖ·
890 662 1067 706 ἐπειδὰν
1086 665 1168 718 γὰρ
1190 664 1212 706 ὁ
1233 665 1313 716 μὲν
1334 665 1480 718 λαβὼν

133 735 238 787 μετὰ
269 740 404 775 ταῦτα
436 735 588 791 βαδίζῃ
620 735 672 775 τὰ
705 735 828 789 ὅπλα,
859 741 993 776 πᾶσιν
1024 742 1114 784 τοῖς
1147 732 1276 777 οὖσιν
1303 734 1480 788 ἑτοίμως

82 823 114 849 10
134 805 449 859 κινδυνεύσων,
473 805 593 858 ἡμεῖς
620 805 668 846 δὲ
693 803 919 858 καθώμεθ’
946 807 1162 860 εἰρηκότες
1182 807 1234 847 τὰ
1255 807 1413 861 δίκαια,
1438 807 1478 848 οἱ

135 873 172 917 δ’
204 874 445 929 ἀκηκοότες,
478 877 651 925 εἰκότως
673 872 790 928 οἶμαι
810 878 911 925 τοὺς
939 877 1095 930 λόγους
1121 878 1172 918 τὰ
1193 875 1297 931 ἔργα
1323 877 1480 931 παρέρ-

135 961 271 1001 χεται,
301 947 372 987 καὶ
403 946 696 1001 προσέχουσιν
730 947 914 997 ἅπαντες
947 947 1026 1002 οὐχ
1063 941 1127 997 οἷς
1161 947 1338 1000 εἴπομέν
1370 945 1474 989 ποθ’

135 1018 254 1071 ἡμεῖς
276 1017 458 1066 δικαίοις
478 1017 502 1071 ἢ
524 1023 609 1058 νῦν
630 1017 684 1058 ἂν
705 1018 912 1072 εἴποιμεν,
938 1016 1029 1059 ἀλλ’
1056 1012 1119 1068 οἷς
1140 1025 1363 1071 ποιοῦμεν.
1391 1017 1481 1060 ἔστι

136 1087 184 1129 δὲ
196 1085 314 1129 ταῦτ’
335 1088 495 1130 οὐδένα
508 1095 596 1130 τῶν
610 1088 912 1140 ἀδικουμένων
927 1087 1074 1146 σῴζειν
1089 1089 1328 1142 δυνάμενα·
1350 1089 1481 1131 οὐδὲν

84 1178 115 1203 15
136 1159 217 1213 γὰρ
246 1159 312 1200 δεῖ
331 1160 462 1201 πλείω
484 1160 581 1213 περὶ
603 1159 748 1200 αὐτῶν
769 1159 923 1213 λέγειν.
950 1160 1181 1245 τοιγάρτοὸ
1192 1161 1481 1214 διεστηκότων

137 1231 196 1279 εἰς
223 1230 304 1271 δύο
330 1235 465 1271 ταῦτα
490 1237 578 1271 τῶν
605 1229 652 1271 ἐν
677 1237 769 1279 ταῖς
796 1231 988 1284 πόλεσιν,
1014 1238 1102 1272 τῶν
1127 1247 1206 1283 μεν
1233 1233 1292 1280 εἷς
1313 1232 1360 1272 τὸ
1381 1228 1475 1285 μήτ’

137 1301 286 1355 ἄρχειν
305 1302 380 1357 βίᾳ
400 1298 642 1354 βούλεσθαι
662 1302 847 1355 μηδενὸς
868 1303 972 1354 μήτε
993 1302 1222 1343 δουλεύειν
1242 1303 1370 1358 ἄλλω,
1390 1300 1476 1344 ἀλλ’

138 1370 185 1412 ἐν
205 1369 436 1428 ἐλευθερία
455 1372 526 1412 καὶ
546 1373 696 1424 νόμοις
718 1370 759 1421 ἐξ
782 1372 879 1413 ἴσου
901 1373 1225 1427 πολιτεύεσθαι,
1249 1380 1337 1414 τῶν
1358 1370 1394 1414 δ’
1422 1374 1482 1423 εἰς

136 1443 184 1484 τὸ
218 1442 368 1497 ἄρχειν
405 1443 485 1494 μὲν
524 1450 612 1483 τῶν
650 1446 841 1483 πολιτῶν
880 1441 1132 1497 ἐπιθυμεῖν,
1170 1442 1299 1499 ἑτέρῳ
1333 1441 1369 1484 δ’
1402 1443 1482 1484 ὑπ-

84 1532 118 1557 20
139 1513 328 1567 ακούειν,
343 1511 397 1554 δι’
419 1514 521 1555 ὅτου
536 1511 628 1555 ποτ’
650 1512 704 1554 ἂν
719 1513 896 1554 οἴωνται
917 1519 1045 1555 τοῦτο
1067 1514 1339 1567 δυνήσεσθαι
1360 1521 1483 1568 ποιῆ-

138 1594 222 1637 σαι,
248 1584 287 1625 οἱ
314 1590 388 1637 τῆς
416 1582 584 1626 ἐκείνου
611 1583 914 1638 προαιρέσεως,
941 1585 979 1626 οἱ
1007 1585 1285 1638 τυραννίδων
1310 1585 1380 1626 καὶ
1408 1586 1483 1626 δυ-

137 1661 350 1696 ναστειῶν
366 1653 699 1709 ἐπιθυμοῦντες,
719 1656 1003 1708 κεκρατήκασι
1018 1661 1255 1710 πανταχοῦ,
1275 1656 1344 1696 καὶ
1359 1657 1483 1705 πόλις

139 1725 521 1779 δημοκρατουμένη
543 1727 728 1779 βεβαίως
749 1725 828 1766 οὐκ
849 1722 930 1767 οἷδ’
951 1726 990 1767 εἴ
1008 1727 1070 1775 τίς
1093 1725 1211 1767 ἐστιν
1230 1733 1318 1767 τῶν
1332 1733 1483 1767 πασῶν

139 1797 267 1850 λοιπὴ
293 1797 407 1850 πλὴν
432 1797 457 1850 ἡ
486 1795 678 1849 ἡμετέρα.
716 1796 786 1837 καὶ
813 1798 1126 1849 κεκρατήκασιν
1152 1798 1191 1838 οἱ
1226 1794 1281 1838 δι’
1315 1796 1482 1838 ἐκείνου

86 1885 118 1911 25
139 1868 212 1916 τὰς
244 1868 461 1916 πολιτείας
493 1867 748 1918 ποιούμενοι
781 1872 914 1908 πᾶσιν
947 1867 1065 1916 ὅσοις
1097 1867 1326 1922 πράγματα
1352 1867 1483 1922 πράτ-

139 1953 268 1991 τεται,
299 1937 453 1993 πρώτῳ
486 1937 566 1989 μὲν
599 1937 775 1978 πάντων
807 1938 877 1978 καὶ
904 1939 1089 1994 πλείστῳ
1116 1943 1174 1995 τῷ
1200 1940 1301 1987 τοὺς
1327 1941 1483 1991 βουλο-

139 2008 297 2060 μένους
324 2010 518 2062 χρήματα
545 2007 784 2060 λαμβάνειν
810 2006 925 2063 ἔχειν
950 2009 1028 2050 τὸν
1055 2007 1246 2050 δώσονθ’
1272 2008 1380 2062 ὑπὲρ
1408 2008 1484 2050 αὑ-

139 2085 240 2132 τῶν,
266 2077 453 2134 δευτέρῳ
481 2078 528 2119 δὲ
555 2078 625 2119 καὶ
652 2078 784 2120 οὐδὲν
811 2077 1007 2120 ἐλάττονι
1033 2080 1190 2120 τούτου
1215 2084 1274 2135 τῷ
1294 2079 1484 2131 δύναμιν

141 2150 221 2203 τὴν
246 2148 654 2202 καταστρεψομένην
680 2150 781 2198 τοὺς
802 2147 1163 2202 ἐναντιουμένους
1186 2149 1332 2199 αὐτοῖς
1354 2148 1401 2190 ἐν
1421 2144 1485 2199 οἷς

89 2238 122 2262 30
143 2219 197 2261 ἂν
217 2221 424 2273 αἰτήσωσι
445 2220 618 2274 χρόνοις
638 2227 852 2274 παρεῖναι.
879 2221 998 2274 ἡμεῖς
1020 2218 1056 2261 δ’
1084 2220 1135 2262 οὐ
1156 2221 1295 2272 μόνον
1314 2221 1484 2270 τούτοις

1500 453 1608 478 XVIII

1535 489 1587 514 244

1512 2234 1531 2264 6
