1689 2531
106 105 180 149 VH]
241 65 259 89 ⁴
554 103 668 134 ΠΕΡΙ
693 100 1002 134 ΑΛΟΝΝΗΣΟΤ
1395 95 1449 136 79

107 201 186 242 τὸν
211 197 425 254 πρόξενον
451 204 524 251 τῆς
541 178 757 251 ἦμετέρας
782 197 962 249 πόλεως,
986 194 1096 248 ὑπὲρ
1123 190 1176 235 οὗ
1195 192 1318 245 ὑμεῖς
1337 198 1452 245 τρεῖς

108 271 309 325 πρέσβεις
336 267 549 321 ἐπέμψατε
575 267 871 321 ἀπαιτοῦντες,
894 271 1054 307 τοῦτον
1078 265 1156 306 τὸν
1182 263 1322 317 ἄνδρα
1348 260 1455 303 ἐκεῖ·

109 357 184 390 νος
211 339 324 381 οὕτω
352 339 526 393 σφόδρα
551 338 657 391 ὑμῖν
683 336 888 391 ἐβούλετο
915 337 1195 391 χαρίσασθαι,
1221 331 1319 375 ὥστ’
1353 332 1453 374 ἀπέ-

109 426 249 453 κτεινε
274 410 345 452 καὶ
373 407 466 451 οὐδ’
493 408 719 463 ἀναίρεσιν
745 406 919 461 ἔδωκεν,
944 407 1017 448 ἵνα
1042 412 1168 461 ταφῇ.

72 500 87 525 5
167 481 280 536 Περὶ
306 481 354 523 δὲ
373 481 671 535 Χερρονήσου,
697 479 723 520 ἅ
748 476 783 520 τ’
804 477 1041 520 ἐπιστέλλει
1068 478 1175 531 πρὸς
1200 475 1311 528 ὑμᾶς
1331 474 1454 525 ἄξιόν

109 551 228 594 ἐστιν
260 551 466 605 ἐξετάσαι,
498 549 561 592 ἔτι
595 550 642 592 δὲ
668 551 739 591 καὶ
766 550 791 591 ἃ
817 549 1007 603 πράττει,
1032 548 1103 589 καὶ
1128 544 1246 588 ταῦτ’
1280 545 1454 588 εἰδέναι.

107 625 185 665 τὸν
216 623 296 676 μὲν
327 623 410 676 γὰρ
443 623 579 664 τόπον
611 621 780 662 ἅπαντα
811 621 889 662 τὸν
915 618 993 669 ἔξω
1011 617 1187 673 Ἀγορᾶς
1214 618 1270 667 ὡς
1297 616 1454 659 ἑαυτοῦ

109 696 214 737 ὄντα
245 694 317 735 καὶ
348 693 454 746 ὑμῖν
486 692 620 734 οὐδὲν
651 693 927 746 προσήκοντα
960 691 1150 731 δέδωκεν
1175 691 1455 743 καρποῦσθαι

104 765 393 821 Ἀπολλωνίδῃ
425 768 484 821 τῷ
511 764 755 819 Καρδιανῷ.
797 763 937 803 καίτοι
969 762 1253 814 Χερρονήσου
1287 760 1326 801 οἱ
1360 759 1455 812 ὅροι

60 855 91 881 10
112 837 236 891 εἰσίν,
268 835 348 877 οὐκ
370 833 537 889 Ἀγορά,
568 834 677 875 ἀλλὰ
708 834 852 887 βωμὸς
883 838 962 874 τοῦ
989 832 1097 881 Διὸς
1130 837 1207 872 τοῦ
1241 830 1378 885 ὁρίου,
1411 830 1456 878 ὅς

114 906 203 949 ἐστι
242 905 400 959 μεταξὺ
435 908 630 948 Πτελεοῦ
668 904 739 946 καὶ
772 907 941 957 Λευκῆς
979 902 1120 956 ἀκτῆς,
1157 896 1184 960 ᾗ
1215 903 1240 956 ἡ
1275 901 1456 955 διορυχὴ

111 976 261 1030 ἔμελλε
286 978 570 1031 Χερρονήσου
597 973 790 1028 ἔσεσθαι,
816 975 872 1024 ὥς
899 989 948 1028 γε
973 974 1021 1015 τὸ
1049 972 1294 1027 ἐπίγραμμα
1317 973 1365 1013 τὸ
1387 969 1456 1012 ἐπὶ

112 1054 190 1090 τοῦ
216 1049 367 1102 βωμοῦ
393 1053 471 1088 τοῦ
498 1047 606 1096 Διὸς
633 1051 710 1087 τοῦ
739 1045 862 1099 ὁρίου
891 1045 1026 1098 δηλοῖ.
1062 1042 1153 1086 ἔστι
1180 1043 1228 1084 δὲ
1253 1043 1392 1084 τουτί·

237 1154 375 1196 Τόνδε
400 1154 729 1206 καθιδρύσαντο
756 1155 846 1208 θεῷ
867 1150 1125 1205 περικαλλέα
1149 1150 1300 1203 βωμὸν

59 1244 92 1270 15
289 1227 458 1277 Λευκῆς
484 1224 555 1265 καὶ
582 1227 778 1265 Πτελεοῦ
804 1221 966 1275 μέσσον
993 1222 1098 1275 ὅρον
1123 1220 1304 1273 θέμενοι

232 1294 442 1349 ἐνναέται,
467 1296 607 1349 χώρης
635 1296 837 1347 σημήϊον·
864 1292 1075 1346 ἀμμορίης
1103 1291 1151 1333 δὲ

291 1365 420 1415 αὐτὸς
447 1364 552 1415 ἄναξ
579 1365 785 1419 μακάρων
812 1362 902 1405 ἐστὶ
928 1363 1056 1416 μέσος
1083 1362 1316 1417 Κρονίδης.

114 1475 276 1527 ταύτην
302 1473 450 1526 μέντοι
475 1474 555 1527 τὴν
581 1472 739 1527 χώραν,
764 1471 982 1524 τοσαύτην
1008 1467 1147 1512 οὖσαν
1168 1470 1276 1523 ὅσην
1297 1470 1336 1510 οἱ
1357 1473 1460 1510 πολ-

115 1545 183 1586 λοὶ
214 1544 338 1596 ὑμῶν
364 1544 530 1597 ἴσασιν,
561 1543 617 1592 ὡς
644 1541 801 1583 ἑαυτοῦ
830 1539 968 1583 οὖσαν
993 1542 1074 1595 τὴν
1099 1541 1178 1593 μὲν
1204 1539 1333 1589 αὐτὸς
1359 1555 1461 1594 καρ-

63 1633 96 1659 20
116 1621 286 1668 ποῦται,
318 1616 399 1669 τὴν
431 1612 468 1655 δ’
495 1615 642 1663 ἄλλοις
672 1613 859 1667 δωρειὰν
886 1612 1087 1666 δέδωκεν,
1117 1611 1189 1653 καὶ
1215 1611 1383 1652 ἅπαντα
1409 1611 1461 1651 τὰ

116 1688 306 1740 κτήματα
343 1686 396 1727 τὰ
428 1684 612 1738 ὑμέτερα
644 1682 720 1738 ὑφ’
753 1683 868 1740 αὑτῷ
895 1689 1092 1724 ποιεῖται.
1135 1682 1206 1723 καὶ
1238 1681 1291 1724 οὐ
1323 1683 1461 1734 μόνον

46 1761 92 1797 87
115 1758 195 1812 τὴν
238 1755 317 1806 ἔξω
347 1754 524 1810 Ἀγορᾶς
561 1755 708 1810 χώραν
747 1755 1050 1808 σφετερίζεται,
1099 1752 1209 1794 ἀλλὰ
1245 1753 1316 1794 καὶ
1354 1753 1461 1806 πρὸς

118 1827 410 1881 Καρδιανούς,
437 1828 479 1868 οἳ
509 1827 709 1868 οἰκοῦσιν
736 1825 836 1867 εἴσω
855 1822 1044 1879 Ἀγορᾶς,
1070 1823 1309 1865 ἐπιστέλλει
1337 1822 1384 1865 ἐν
1410 1829 1461 1877 τῆ

117 1904 201 1939 νῦν
228 1896 431 1952 ἐπιστολῇ
458 1897 514 1946 ὡς
541 1897 608 1937 δεῖ
632 1896 742 1948 ὑμᾶς
770 1894 1109 1947 διαδικάζεσθαι,
1134 1894 1241 1948 πρὸς
1269 1894 1462 1948 Καρδια-

66 1985 98 2011 25
118 1970 222 2018 νοὺς
245 1970 346 2017 τοὺς
366 1973 675 2016 κατοικοῦντας
697 1965 744 2008 ἐν
764 1973 814 2021 τῆ
836 1964 1030 2022 ὑμετέρᾳ,
1058 1965 1097 2006 εἴ
1114 1981 1154 2006 τι
1175 1966 1281 2017 πρὸς
1303 1964 1462 2013 αὐτοὺς

120 2038 396 2093 διαφέρεσθε.
445 2036 729 2091 διαφέρονται
769 2037 816 2078 δὲ
853 2036 960 2090 πρὸς
998 2035 1127 2089 ὑμᾶς,
1165 2034 1387 2084 σκέψασθε
1425 2036 1461 2076 εἰ

121 2110 219 2163 περὶ
249 2114 418 2162 μικροῦ.
458 2106 625 2149 ἑαυτῶν
655 2118 763 2161 φασι
789 2108 869 2161 τὴν
894 2107 1040 2162 χώραν
1065 2103 1205 2147 οὖσαν
1231 2107 1367 2147 οἰκεῖν
1392 2105 1463 2146 καὶ

121 2179 200 2235 οὐχ
231 2179 456 2233 ὑμετέραν,
486 2179 557 2220 καὶ
588 2178 640 2219 τὰ
671 2178 751 2230 μὲν
781 2177 965 2231 ὑμέτερα
997 2172 1108 2218 εἶναι
1141 2175 1381 2230 ἐγκτήματα
1408 2177 1463 2225 ὡς

123 2249 170 2292 ἐν
207 2250 425 2307 ἀλλοτρίᾳ,
462 2250 514 2290 τὰ
550 2249 597 2291 δὲ
630 2247 796 2290 ἑαυτῶν
828 2245 1012 2301 κτήμαθ’
1039 2248 1094 2296 ὡς
1128 2246 1176 2288 ἐν
1207 2248 1357 2304 οἰκείᾳ,
1393 2247 1464 2288 καὶ

1481 485 1526 516 39

1483 913 1530 944 40

1486 1481 1529 1511 41

1489 2046 1534 2076 42
