1689 2531
109 71 169 116 tv]
550 70 677 103 ΚΑΤΑ
703 72 809 103 ΦῙΑΙ
817 69 962 103 ΠΠοΤ
987 70 1019 102 A
1399 68 1454 108 39

110 167 209 221 δρες
234 163 456 221 Ἀθηναῖοι
486 166 558 208 καὶ
591 170 767 220 φθονεῖ,
798 165 870 207 καὶ
901 172 989 207 τῶν
1019 164 1135 206 πάνυ
1161 170 1247 206 νῦν
1273 165 1456 206 δοκούν-

109 253 197 279 των
223 238 390 287 οἰκείως
415 235 549 292 ἔχειν·
586 236 658 278 καὶ
679 233 842 278 ἅπανθ’
869 236 950 278 ὅσα
969 250 1049 289 περ
1070 234 1153 276 κάν
1172 235 1320 285 ἄλλοις
1340 235 1456 276 τισὶν

109 307 363 362 ἀνθρώποις
394 305 481 362 ἔνι,
514 313 650 348 ταῦτα
681 306 764 348 κάν
789 313 879 356 τοῖς
905 304 993 359 μετ’
1032 304 1201 347 ἐκείνου
1227 306 1308 361 χρὴ
1335 307 1457 358 νομί-

110 382 197 429 ζειν
230 377 404 420 ἐνεῖναι.
442 377 679 432 κατέπτηχε
711 377 860 430 μέντοι
893 376 1034 418 πάντα
1066 381 1202 417 ταῦτα
1233 382 1337 431 νῦν,
1377 375 1458 418 οὐκ

73 465 87 490 5
109 446 246 504 ἔχοντ’
295 447 582 502 ἀποστροφὴν
623 448 696 489 διὰ
736 448 817 502 τὴν
851 446 1066 500 ὑμετέραν
1101 447 1351 500 βραδυτῆτα
1385 447 1456 488 καὶ

109 519 352 577 ῥᾳθυμίαν·
389 519 445 573 ἢν
476 517 730 560 ἀποθέσθαι
764 518 874 573 φημὶ
901 518 996 559 δεῖν
1022 518 1116 571 ἤδη.
1160 517 1288 571 ὁρᾶτε
1313 519 1396 571 γὰρ
1423 515 1455 559 ὦ

109 591 266 645 ἄνδρες
290 587 518 643 Ἀθηναῖοι
543 590 592 631 τὸ
619 595 808 643 πρᾶγμα,
834 582 878 630 οἶ
901 590 1207 642 προελήλυθεν
1233 588 1456 642 ἀσελγείας

109 661 358 716 ἄνθρωπος,
384 660 430 710 ὃς
457 658 550 702 οὐδ’
583 661 754 713 αἵρεσιν
779 660 886 712 ὑμῖν
913 660 1067 701 δίδωσι
1093 665 1171 700 τοῦ
1198 659 1405 713 πράττειν
1429 658 1454 713 ἣ

109 733 232 786 ἄγειν
262 732 467 786 ἡσυχίαν,
505 729 597 772 ἀλλ’
640 730 807 772 ἀπειλεῖ
838 731 909 771 καὶ
943 731 1101 784 λόγους
1132 730 1457 784 ὑπερηφάνους,

56 818 89 843 1⁰
109 803 165 851 ὥς
192 814 313 857 φασι,
339 801 473 856 λέγει,
497 802 568 843 καὶ
595 801 675 856 οὐχ
702 795 792 851 οἶός
820 800 939 842 ἐστιν
966 799 1077 855 ἔχων
1098 801 1123 842 ἃ
1144 801 1457 855 κατέστραπται

109 873 259 926 με’νειν
292 871 361 914 ἐπὶ
393 873 582 927 τούτων,
613 870 705 914 ἀλλ’
745 871 814 914 ἀεί
843 887 884 913 τι
916 872 1356 926 προσπεριβάλλεται,
1387 872 1458 913 καὶ

39 946 94 981 43·
109 944 252 999 κύκλῳ
285 950 480 998 πανταχῇ
519 943 756 996 μέλλοντας
788 944 897 996 ἡμᾶς
929 943 1000 983 καὶ
1026 942 1304 996 καθημένους
1339 957 1458 996 περι-

110 1015 375 1069 στοιχίζεται.
416 1012 510 1056 πότ’
549 1011 632 1055 οὖν
664 1011 696 1055 ὦ
735 1014 893 1068 ἄνδρες
912 1011 1155 1067 Ἀθηναῖοι,
1187 1011 1291 1054 πόθ’
1325 1013 1350 1054 ἃ
1376 1014 1456 1068 χρὴ

109 1085 308 1139 πράξετε;
337 1084 514 1126 ἐπειδὰν
534 1086 577 1126 τί
594 1084 790 1139 γένηται;
816 1083 1020 1139 ,,ἐπειδὰν
1039 1084 1093 1138 νὴ
1109 1081 1180 1125 Δί’
1208 1082 1373 1137 ἀνάγκη
1394 1100 1457 1133 τις

57 1171 89 1197 15
109 1151 172 1214 ᾗ.“
215 1162 301 1198 νῦν
328 1156 376 1198 δὲ
401 1157 444 1197 τί
468 1157 548 1211 χρὴ
575 1156 627 1197 τὰ
652 1153 874 1210 γιγνόμεν’
908 1156 1132 1209 ἡγεῖσθαις
1160 1153 1242 1208 ἐγὼ
1269 1155 1349 1207 μὲν
1375 1155 1456 1208 γὰρ

111 1228 255 1280 οἴομαι
280 1234 370 1276 τοῖς
397 1225 648 1281 ἐλευθέροις
673 1228 882 1280 μεγίστην
908 1225 1104 1279 ἀνάγκην
1129 1226 1209 1279 τὴν
1235 1224 1344 1279 ὑπὲρ
1371 1233 1458 1266 τῶν

110 1298 376 1352 πραγμάτων
402 1298 618 1352 αἰσχύνην
645 1292 769 1339 εἶναι.
804 1296 830 1350 ἢ
857 1294 1085 1350 βούλεσθ’,
1112 1296 1206 1337 εἰπέ
1229 1311 1314 1350 μοι,
1340 1310 1458 1349 περι-

91 1370 234 1418 ιόντες
260 1368 405 1410 αὑτῶν
431 1368 762 1409 πυνθάνεσθαι·
790 1367 987 1422 ,λέγεταί
1004 1383 1044 1408 τι
1064 1366 1262 1417 καινόν;“
1287 1366 1458 1420 γένοιτο

110 1440 193 1493 γὰρ
221 1440 276 1480 ἄν
302 1455 342 1480 τι
363 1440 620 1492 καινότερον
640 1438 665 1492 ἣ
687 1439 910 1480 ΛΙακεδὼν
930 1437 1040 1492 ἀνὴρ
1055 1435 1311 1491 Ἀθηναίους
1332 1453 1458 1478 κατα-

58 1526 91 1551 20
111 1514 311 1563 πολεμῶν
343 1510 415 1550 καὶ
446 1510 498 1551 τὰ
530 1517 619 1550 τῶν
644 1507 867 1562 Ἑλλήνων
900 1509 1097 1559 διοικῶν;
1134 1507 1345 1562 ,,τε’θνηκε
1382 1509 1457 1549 Φί-

113 1581 312 1632 λιππος;ιζ
342 1580 420 1634 ,,οὐ
452 1581 511 1633 μὰ
537 1577 627 1634 Δί’,
653 1578 744 1621 ἀλλ’
783 1579 1000 1621 ἀσθενεῐ.“
1037 1579 1081 1620 τί
1105 1577 1145 1619 δ’
1175 1578 1281 1630 ὑμῖν
1308 1577 1458 1632 διαφέ-

113 1667 197 1706 ρει;
235 1651 306 1693 καὶ
344 1651 426 1705 γὰρ
460 1650 514 1692 ἂν
547 1648 673 1700 οὗτός
705 1666 745 1691 τι
778 1650 919 1706 πάθῃ,
955 1648 1114 1704 ταχέως
1152 1649 1273 1701 ὑμεῖς
1309 1647 1458 1701 ἕτερον

117 1723 338 1764 Φίλιππον
369 1723 584 1775 ποιήσετε,
617 1722 753 1775 ἄνπερ
787 1719 900 1762 οὕτω
933 1719 1170 1774 προσέχητε
1202 1726 1291 1768 τοῖς
1323 1719 1458 1773 πράγ-

113 1803 216 1845 μασι
241 1792 320 1833 τὸν
345 1798 473 1834 νοῦν·
506 1792 610 1834 οὐδὲ
635 1793 717 1845 γὰρ
746 1788 872 1840 οὗτος
899 1791 1015 1844 παρὰ
1039 1791 1120 1844 τὴν
1147 1790 1282 1831 αὑτοῦ
1309 1789 1458 1844 ῥώμην

60 1879 93 1905 25
113 1868 327 1904 τοσοῦτον
353 1861 600 1916 ἐπηύξηται,
626 1863 733 1904 ὅσον
758 1862 873 1915 παρὰ
898 1862 979 1915 τὴν
1003 1860 1217 1914 ἡμετέραν
1243 1860 1457 1912 ἀμέλειαν.

114 1934 254 1974 καίτοι
285 1933 356 1974 καὶ
388 1939 535 1974 τοῦτο·
575 1933 615 1974 εἴ
644 1948 685 1974 τι
718 1932 856 1973 πάθοι
888 1932 960 1973 καὶ
991 1931 1043 1972 τὰ
1074 1937 1147 1984 τῆς
1179 1931 1310 1985 τύχης
1342 1931 1458 1984 ἡμῖν,

114 2003 222 2058 ἤπερ
258 2003 325 2045 ἀεὶ
358 2003 533 2057 βέλτιον
567 2003 592 2057 ἢ
630 2004 750 2056 ἡμεῖς
785 2003 907 2056 ἡμῶν
941 2001 1087 2043 αὐτῶν
1123 2000 1459 2055 ἐπιμελούμεθα,

114 2074 186 2115 καὶ
211 2071 326 2116 τοῦτ’
359 2073 650 2128 ἐξεργάσαιτο,
675 2072 767 2114 ἴσθ’
800 2074 866 2115 ὅτι
885 2074 1072 2126 πλησίον
1092 2073 1172 2124 μὲν
1192 2073 1326 2125 ὄντες,
1351 2071 1458 2112 ἅπα-

116 2155 189 2186 σιν
229 2144 284 2186 ἂν
320 2151 410 2194 τοῖς
441 2145 663 2198 πράγμασι
696 2142 1028 2197 τεταραγμένοις
1061 2141 1310 2191 ἐπιστάντες
1344 2142 1458 2190 ὅπως

62 2232 96 2257 ⁸0
115 2215 334 2268 βούλεσθε
361 2215 677 2268 διοικήσαισθε,
708 2215 764 2264 ὡς
791 2214 839 2255 δὲ
858 2220 943 2255 νῦν
962 2211 1091 2268 ἔχετε,
1117 2213 1219 2255 οὐδὲ
1241 2213 1458 2254 διδόντων

1486 1023 1528 1054 10

1487 1520 1524 1549 11
