<?xml version="1.0" encoding="UTF-8"?>
<!DOCTYPE html PUBLIC "-//W3C//DTD XHTML 1.0 Transitional//EN"
    "http://www.w3.org/TR/xhtml1/DTD/xhtml1-transitional.dtd">
<html xmlns="http://www.w3.org/1999/xhtml" xml:lang="en" lang="en">
 <head>
  <title>
</title>
<meta http-equiv="Content-Type" content="text/html;charset=utf-8" />
  <meta name='ocr-system' content='tesseract 3.04.00' />
  <meta name='ocr-capabilities' content='ocr_page ocr_carea ocr_par ocr_line ocrx_word'/>
</head>
<body>
  <div class='ocr_page' id='page_1' title='image "./demosthenisorati0101demouoft_0017.png"; bbox 0 0 1689 2531; ppageno 0'>
   <div class='ocr_carea' id='block_1_1' title="bbox 0 0 47 2531">
    <p class='ocr_par' dir='ltr' id='par_1_1' title="bbox 0 0 47 2531">
     <span class='ocr_line' id='line_1_1' title="bbox 0 0 47 2531; baseline 0 0"><span class='ocrx_word' id='word_1_1' title='bbox 0 0 47 2531; x_wconf 95' lang='lat' dir='ltr'><strong><em> </em></strong></span> 
     </span>
    </p>
   </div>
   <div class='ocr_carea' id='block_1_2' title="bbox 113 86 1454 136">
    <p class='ocr_par' dir='ltr' id='par_1_2' title="bbox 113 86 1454 136">
     <span class='ocr_line' id='line_1_2' title="bbox 113 86 1454 136; baseline -0.001 -14"><span class='ocrx_word' id='word_1_2' title='bbox 113 91 143 136; x_wconf 84' lang='lat'><strong><em>1]</em></strong></span> <span class='ocrx_word' id='word_1_3' title='bbox 594 86 918 122; x_wconf 70' lang='grc' dir='ltr'><strong><em>οΛΤΝΘῙΑΚοΣ</em></strong></span> <span class='ocrx_word' id='word_1_4' title='bbox 942 89 973 121; x_wconf 84' lang='grc' dir='ltr'><strong>Α</strong></span> <span class='ocrx_word' id='word_1_5' title='bbox 1404 87 1454 128; x_wconf 83' lang='lat'><strong><em>11</em></strong></span> 
     </span>
    </p>
   </div>
   <div class='ocr_carea' id='block_1_3' title="bbox 54 181 1480 2293">
    <p class='ocr_par' dir='ltr' id='par_1_3' title="bbox 54 181 1480 2293">
     <span class='ocr_line' id='line_1_3' title="bbox 117 181 1458 240; baseline -0.002 -12"><span class='ocrx_word' id='word_1_6' title='bbox 117 187 184 228; x_wconf 89' lang='grc' dir='ltr'><strong><em>δεῖ</em></strong></span> <span class='ocrx_word' id='word_1_7' title='bbox 208 193 296 228; x_wconf 82' lang='grc' dir='ltr'><strong><em>τῶν</em></strong></span> <span class='ocrx_word' id='word_1_8' title='bbox 321 188 487 227; x_wconf 80' lang='grc' dir='ltr'><strong><em>λοιπῶν</em></strong></span> <span class='ocrx_word' id='word_1_9' title='bbox 506 184 617 239; x_wconf 84' lang='grc' dir='ltr'><strong><em>ὑμᾶς</em></strong></span> <span class='ocrx_word' id='word_1_10' title='bbox 637 181 669 226; x_wconf 81' lang='grc' dir='ltr'><em>ὦ</em></span> <span class='ocrx_word' id='word_1_11' title='bbox 690 185 847 240; x_wconf 78' lang='grc' dir='ltr'><strong><em>ἄνδρες</em></strong></span> <span class='ocrx_word' id='word_1_12' title='bbox 865 183 1089 238; x_wconf 75' lang='grc' dir='ltr'><strong><em>Ἀθηναῖοι</em></strong></span> <span class='ocrx_word' id='word_1_13' title='bbox 1109 185 1358 239; x_wconf 77' lang='grc' dir='ltr'><em>φροντίσαι,</em></span> <span class='ocrx_word' id='word_1_14' title='bbox 1385 183 1458 225; x_wconf 79' lang='grc' dir='ltr'><strong><em>ἵνα</em></strong></span> 
     </span>
     <span class='ocr_line' id='line_1_4' title="bbox 116 253 1460 310; baseline -0.001 -12"><span class='ocrx_word' id='word_1_15' title='bbox 116 255 235 298; x_wconf 83' lang='grc' dir='ltr'><strong><em>ταῦτ’</em></strong></span> <span class='ocrx_word' id='word_1_16' title='bbox 285 255 702 309; x_wconf 76' lang='grc' dir='ltr'><strong><em>ἐπανορθωσάμενοι</em></strong></span> <span class='ocrx_word' id='word_1_17' title='bbox 750 258 830 309; x_wconf 85' lang='grc' dir='ltr'><strong><em>τὴν</em></strong></span> <span class='ocrx_word' id='word_1_18' title='bbox 880 253 949 296; x_wconf 83' lang='grc' dir='ltr'><strong><em>ἐπὶ</em></strong></span> <span class='ocrx_word' id='word_1_19' title='bbox 998 261 1089 304; x_wconf 87' lang='grc' dir='ltr'><strong><em>τοῖς</em></strong></span> <span class='ocrx_word' id='word_1_20' title='bbox 1137 253 1460 310; x_wconf 77' lang='grc' dir='ltr'><strong><em>πεπραγμένοις</em></strong></span> 
     </span>
     <span class='ocr_line' id='line_1_5' title="bbox 118 321 1460 381; baseline -0.001 -13"><span class='ocrx_word' id='word_1_21' title='bbox 118 326 298 378; x_wconf 79' lang='grc' dir='ltr'><strong><em>ἀδοξίαν</em></strong></span> <span class='ocrx_word' id='word_1_22' title='bbox 335 325 691 381; x_wconf 82' lang='grc' dir='ltr'><strong><em>ἀποτριψώμεθα.</em></strong></span> <span class='ocrx_word' id='word_1_23' title='bbox 749 327 786 368; x_wconf 87' lang='grc' dir='ltr'><strong><em>εἰ</em></strong></span> <span class='ocrx_word' id='word_1_24' title='bbox 825 323 873 368; x_wconf 75' lang='grc' dir='ltr'><strong><em>δὲ</em></strong></span> <span class='ocrx_word' id='word_1_25' title='bbox 910 324 1180 380; x_wconf 80' lang='grc' dir='ltr'><strong><em>προησόμεθ’</em></strong></span> <span class='ocrx_word' id='word_1_26' title='bbox 1224 321 1257 367; x_wconf 76' lang='grc' dir='ltr'><strong><em>ὦ</em></strong></span> <span class='ocrx_word' id='word_1_27' title='bbox 1303 327 1460 379; x_wconf 78' lang='grc' dir='ltr'><strong><em>ἄνδρες</em></strong></span> 
     </span>
     <span class='ocr_line' id='line_1_6' title="bbox 118 391 1462 451; baseline -0.001 -11"><span class='ocrx_word' id='word_1_28' title='bbox 118 397 342 451; x_wconf 77' lang='grc' dir='ltr'><strong><em>Ἀθηναῖοι</em></strong></span> <span class='ocrx_word' id='word_1_29' title='bbox 372 395 445 438; x_wconf 79' lang='grc' dir='ltr'><strong><em>καὶ</em></strong></span> <span class='ocrx_word' id='word_1_30' title='bbox 476 397 660 446; x_wconf 80' lang='grc' dir='ltr'><strong><em>τούτους</em></strong></span> <span class='ocrx_word' id='word_1_31' title='bbox 692 399 795 446; x_wconf 88' lang='grc' dir='ltr'><strong><em>τοὺς</em></strong></span> <span class='ocrx_word' id='word_1_32' title='bbox 826 396 1106 451; x_wconf 79' lang='grc' dir='ltr'><strong><em>ἀνθρώπους,</em></strong></span> <span class='ocrx_word' id='word_1_33' title='bbox 1139 391 1214 438; x_wconf 83' lang='grc' dir='ltr'><strong><em>εἶτ’</em></strong></span> <span class='ocrx_word' id='word_1_34' title='bbox 1236 395 1462 439; x_wconf 83' lang='grc' dir='ltr'><strong><em>Ὄλυνθον</em></strong></span> 
     </span>
     <span class='ocr_line' id='line_1_7' title="bbox 62 466 1463 523; baseline -0.001 -13"><span class='ocrx_word' id='word_1_35' title='bbox 62 484 99 510; x_wconf 85' lang='lat'><strong><em>·5</em></strong></span> <span class='ocrx_word' id='word_1_36' title='bbox 119 467 283 517; x_wconf 80' lang='grc' dir='ltr'><strong><em>ἐκεῖνος</em></strong></span> <span class='ocrx_word' id='word_1_37' title='bbox 308 467 662 521; x_wconf 80' lang='grc' dir='ltr'><strong><em>καταστρέψεται,</em></strong></span> <span class='ocrx_word' id='word_1_38' title='bbox 689 469 896 523; x_wconf 81' lang='grc' dir='ltr'><strong><em>φρασάτω</em></strong></span> <span class='ocrx_word' id='word_1_39' title='bbox 922 483 988 517; x_wconf 87' lang='grc' dir='ltr'><strong><em>τις</em></strong></span> <span class='ocrx_word' id='word_1_40' title='bbox 1013 466 1123 523; x_wconf 78' lang='grc' dir='ltr'><strong><em>ἐμοί,</em></strong></span> <span class='ocrx_word' id='word_1_41' title='bbox 1149 469 1193 509; x_wconf 89' lang='grc' dir='ltr'><strong><em>τί</em></strong></span> <span class='ocrx_word' id='word_1_42' title='bbox 1215 468 1263 510; x_wconf 89' lang='grc' dir='ltr'><strong><em>τὸ</em></strong></span> <span class='ocrx_word' id='word_1_43' title='bbox 1290 471 1463 509; x_wconf 83' lang='grc' dir='ltr'><strong><em>κωλῦον</em></strong></span> 
     </span>
     <span class='ocr_line' id='line_1_8' title="bbox 119 534 1465 593; baseline 0 -13"><span class='ocrx_word' id='word_1_44' title='bbox 119 536 176 580; x_wconf 79' lang='grc' dir='ltr'><strong><em>ἔτ’</em></strong></span> <span class='ocrx_word' id='word_1_45' title='bbox 208 539 343 580; x_wconf 84' lang='grc' dir='ltr'><strong><em>αὐτὸν</em></strong></span> <span class='ocrx_word' id='word_1_46' title='bbox 375 536 493 580; x_wconf 80' lang='grc' dir='ltr'><strong><em>ἔσται</em></strong></span> <span class='ocrx_word' id='word_1_47' title='bbox 519 539 712 592; x_wconf 77' lang='grc' dir='ltr'><strong><em>βαδίζειν</em></strong></span> <span class='ocrx_word' id='word_1_48' title='bbox 739 539 838 580; x_wconf 87' lang='grc' dir='ltr'><strong><em>ὅποι</em></strong></span> <span class='ocrx_word' id='word_1_49' title='bbox 870 539 1083 592; x_wconf 86' lang='grc' dir='ltr'><strong><em>βούλεται.</em></strong></span> <span class='ocrx_word' id='word_1_50' title='bbox 1134 534 1218 593; x_wconf 75' lang='grc' dir='ltr'><strong><em>ἆρα</em></strong></span> <span class='ocrx_word' id='word_1_51' title='bbox 1251 539 1465 592; x_wconf 79' lang='grc' dir='ltr'><strong><em>λογίζεταί</em></strong></span> 
     </span>
     <span class='ocr_line' id='line_1_9' title="bbox 119 606 1457 664; baseline -0.001 -13"><span class='ocrx_word' id='word_1_52' title='bbox 119 625 184 659; x_wconf 88' lang='grc' dir='ltr'><strong><em>τις</em></strong></span> <span class='ocrx_word' id='word_1_53' title='bbox 210 609 333 662; x_wconf 82' lang='grc' dir='ltr'><strong><em>ὑμῶν</em></strong></span> <span class='ocrx_word' id='word_1_54' title='bbox 353 607 385 651; x_wconf 84' lang='grc' dir='ltr'><em>ὦ</em></span> <span class='ocrx_word' id='word_1_55' title='bbox 407 609 563 663; x_wconf 78' lang='grc' dir='ltr'><strong><em>ἄνδρες</em></strong></span> <span class='ocrx_word' id='word_1_56' title='bbox 583 608 806 664; x_wconf 74' lang='grc' dir='ltr'><strong><em>Ἀθηναῖοι</em></strong></span> <span class='ocrx_word' id='word_1_57' title='bbox 831 609 903 651; x_wconf 80' lang='grc' dir='ltr'><strong><em>καὶ</em></strong></span> <span class='ocrx_word' id='word_1_58' title='bbox 925 614 1087 663; x_wconf 88' lang='grc' dir='ltr'><strong><em>θεωρεῖ</em></strong></span> <span class='ocrx_word' id='word_1_59' title='bbox 1106 609 1184 651; x_wconf 89' lang='grc' dir='ltr'><strong><em>τὸν</em></strong></span> <span class='ocrx_word' id='word_1_60' title='bbox 1203 611 1382 664; x_wconf 88' lang='grc' dir='ltr'><strong><em>τρόπον,</em></strong></span> <span class='ocrx_word' id='word_1_61' title='bbox 1402 606 1457 650; x_wconf 91' lang='grc' dir='ltr'><strong><em>δι’</em></strong></span> 
     </span>
     <span class='ocr_line' id='line_1_10' title="bbox 123 678 1463 735; baseline -0.001 -13"><span class='ocrx_word' id='word_1_62' title='bbox 123 679 175 722; x_wconf 89' lang='grc' dir='ltr'><strong><em>ὃν</em></strong></span> <span class='ocrx_word' id='word_1_63' title='bbox 193 679 325 735; x_wconf 88' lang='grc' dir='ltr'><strong><em>μέγας</em></strong></span> <span class='ocrx_word' id='word_1_64' title='bbox 346 679 540 733; x_wconf 89' lang='grc' dir='ltr'><strong><em>γέγονεν,</em></strong></span> <span class='ocrx_word' id='word_1_65' title='bbox 567 679 758 734; x_wconf 77' lang='grc' dir='ltr'><strong><em>ἀσθενὴς</em></strong></span> <span class='ocrx_word' id='word_1_66' title='bbox 784 680 847 722; x_wconf 84' lang='grc' dir='ltr'><strong><em>ὢν</em></strong></span> <span class='ocrx_word' id='word_1_67' title='bbox 871 680 920 722; x_wconf 90' lang='grc' dir='ltr'><strong><em>τὸ</em></strong></span> <span class='ocrx_word' id='word_1_68' title='bbox 945 678 1036 722; x_wconf 85' lang='grc' dir='ltr'><strong><em>κατ’</em></strong></span> <span class='ocrx_word' id='word_1_69' title='bbox 1067 680 1200 735; x_wconf 82' lang='grc' dir='ltr'><strong><em>ἀρχὰς</em></strong></span> <span class='ocrx_word' id='word_1_70' title='bbox 1229 682 1463 731; x_wconf 84' lang='grc' dir='ltr'><strong><em>Φίλιππος;</em></strong></span> 
     </span>
     <span class='ocr_line' id='line_1_11' title="bbox 120 750 1465 806; baseline 0 -14"><span class='ocrx_word' id='word_1_71' title='bbox 120 752 168 792; x_wconf 89' lang='grc' dir='ltr'><strong><em>τὸ</em></strong></span> <span class='ocrx_word' id='word_1_72' title='bbox 183 758 360 806; x_wconf 86' lang='grc' dir='ltr'><strong><em>πρῶτον</em></strong></span> <span class='ocrx_word' id='word_1_73' title='bbox 373 750 633 805; x_wconf 76' lang='grc' dir='ltr'><strong><em>Ἀμφίπολιν</em></strong></span> <span class='ocrx_word' id='word_1_74' title='bbox 654 752 814 804; x_wconf 85' lang='grc' dir='ltr'><strong><em>λαβών,</em></strong></span> <span class='ocrx_word' id='word_1_75' title='bbox 833 752 938 804; x_wconf 85' lang='grc' dir='ltr'><strong><em>μετὰ</em></strong></span> <span class='ocrx_word' id='word_1_76' title='bbox 959 757 1095 793; x_wconf 88' lang='grc' dir='ltr'><strong><em>ταῦτα</em></strong></span> <span class='ocrx_word' id='word_1_77' title='bbox 1109 751 1312 801; x_wconf 80' lang='grc' dir='ltr'><strong><em>Πύδναν,</em></strong></span> <span class='ocrx_word' id='word_1_78' title='bbox 1331 751 1465 792; x_wconf 89' lang='grc' dir='ltr'><strong><em>πάλιν</em></strong></span> 
     </span>
     <span class='ocr_line' id='line_1_12' title="bbox 69 819 1467 876; baseline -0.001 -12"><span class='ocrx_word' id='word_1_79' title='bbox 69 839 103 864; x_wconf 82' lang='grc' dir='ltr'><strong><em>ιο</em></strong></span> <span class='ocrx_word' id='word_1_80' title='bbox 124 823 406 874; x_wconf 89' lang='grc' dir='ltr'><strong><em>Ποτείδαιαν,</em></strong></span> <span class='ocrx_word' id='word_1_81' title='bbox 421 822 650 875; x_wconf 71' lang='grc' dir='ltr'><strong><em>ΛΙεθώνην</em></strong></span> <span class='ocrx_word' id='word_1_82' title='bbox 664 819 810 874; x_wconf 83' lang='grc' dir='ltr'><strong><em>αὖθις,</em></strong></span> <span class='ocrx_word' id='word_1_83' title='bbox 832 819 922 864; x_wconf 84' lang='grc' dir='ltr'><strong><em>εἶτα</em></strong></span> <span class='ocrx_word' id='word_1_84' title='bbox 939 823 1173 871; x_wconf 78' lang='grc' dir='ltr'><strong><em>Θετταλίας</em></strong></span> <span class='ocrx_word' id='word_1_85' title='bbox 1193 821 1340 876; x_wconf 79' lang='grc' dir='ltr'><strong><em>ἐπέβη·</em></strong></span> <span class='ocrx_word' id='word_1_86' title='bbox 1362 823 1467 876; x_wconf 80' lang='grc' dir='ltr'><strong><em>μετὰ</em></strong></span> 
     </span>
     <span class='ocr_line' id='line_1_13' title="bbox 121 891 1459 947; baseline 0 -13"><span class='ocrx_word' id='word_1_87' title='bbox 121 899 258 934; x_wconf 91' lang='grc' dir='ltr'><strong><em>ταῦτα</em></strong></span> <span class='ocrx_word' id='word_1_88' title='bbox 287 893 443 947; x_wconf 84' lang='grc' dir='ltr'><strong><em>Φεράς,</em></strong></span> <span class='ocrx_word' id='word_1_89' title='bbox 471 893 696 946; x_wconf 84' lang='grc' dir='ltr'><strong><em>Παγασάς,</em></strong></span> <span class='ocrx_word' id='word_1_90' title='bbox 722 894 1003 947; x_wconf 75' lang='grc' dir='ltr'><strong><em>Μαγνησίαν,</em></strong></span> <span class='ocrx_word' id='word_1_91' title='bbox 1029 892 1163 935; x_wconf 87' lang='grc' dir='ltr'><strong><em>πάνθ’</em></strong></span> <span class='ocrx_word' id='word_1_92' title='bbox 1191 892 1244 935; x_wconf 92' lang='grc' dir='ltr'><strong><em>ὃν</em></strong></span> <span class='ocrx_word' id='word_1_93' title='bbox 1270 891 1459 946; x_wconf 80' lang='grc' dir='ltr'><strong><em>ἐβούλετ’</em></strong></span> 
     </span>
     <span class='ocr_line' id='line_1_14' title="bbox 54 961 1468 1019; baseline -0.001 -14"><span class='ocrx_word' id='word_1_94' title='bbox 54 966 103 1002; x_wconf 78' lang='grc'><strong><em>13</em></strong></span> <span class='ocrx_word' id='word_1_95' title='bbox 123 964 377 1018; x_wconf 86' lang='grc' dir='ltr'><strong><em>εὐτρεπίσας</em></strong></span> <span class='ocrx_word' id='word_1_96' title='bbox 414 965 580 1017; x_wconf 84' lang='grc' dir='ltr'><strong><em>τρόπον</em></strong></span> <span class='ocrx_word' id='word_1_97' title='bbox 607 962 611 1017; x_wconf 62' lang='grc' dir='ltr'>ἱ</span> <span class='ocrx_word' id='word_1_98' title='bbox 640 962 762 1019; x_wconf 71' lang='grc' dir='ltr'><strong><em>ᾤχετ’</em></strong></span> <span class='ocrx_word' id='word_1_99' title='bbox 801 966 862 1013; x_wconf 86' lang='grc' dir='ltr'><strong><em>εἰς</em></strong></span> <span class='ocrx_word' id='word_1_100' title='bbox 896 961 1090 1019; x_wconf 77' lang='grc' dir='ltr'><strong><em>Θρᾴκην·</em></strong></span> <span class='ocrx_word' id='word_1_101' title='bbox 1128 961 1203 1005; x_wconf 87' lang='grc' dir='ltr'><strong><em>εἶτ’</em></strong></span> <span class='ocrx_word' id='word_1_102' title='bbox 1241 963 1328 1006; x_wconf 80' lang='grc' dir='ltr'><strong><em>ἐκεῖ</em></strong></span> <span class='ocrx_word' id='word_1_103' title='bbox 1365 965 1468 1012; x_wconf 88' lang='grc' dir='ltr'><strong><em>τοὺς</em></strong></span> 
     </span>
     <span class='ocr_line' id='line_1_15' title="bbox 122 1033 1468 1088; baseline 0 -12"><span class='ocrx_word' id='word_1_104' title='bbox 122 1033 203 1088; x_wconf 75' lang='grc' dir='ltr'><strong><em>μὲν</em></strong></span> <span class='ocrx_word' id='word_1_105' title='bbox 235 1034 432 1088; x_wconf 81' lang='grc' dir='ltr'><strong><em>ἐκβαλὼν</em></strong></span> <span class='ocrx_word' id='word_1_106' title='bbox 463 1036 566 1083; x_wconf 86' lang='grc' dir='ltr'><strong><em>τοὺς</em></strong></span> <span class='ocrx_word' id='word_1_107' title='bbox 599 1035 647 1076; x_wconf 84' lang='grc' dir='ltr'><strong><em>δὲ</em></strong></span> <span class='ocrx_word' id='word_1_108' title='bbox 678 1036 948 1088; x_wconf 85' lang='grc' dir='ltr'><strong><em>καταστήσας</em></strong></span> <span class='ocrx_word' id='word_1_109' title='bbox 979 1041 1068 1075; x_wconf 88' lang='grc' dir='ltr'><strong><em>τῶν</em></strong></span> <span class='ocrx_word' id='word_1_110' title='bbox 1094 1034 1309 1088; x_wconf 88' lang='grc' dir='ltr'><strong><em>βασιλέων</em></strong></span> <span class='ocrx_word' id='word_1_111' title='bbox 1335 1034 1468 1088; x_wconf 84' lang='grc' dir='ltr'><strong><em>ἠσθέ-</em></strong></span> 
     </span>
     <span class='ocr_line' id='line_1_16' title="bbox 122 1102 1463 1161; baseline -0.001 -14"><span class='ocrx_word' id='word_1_112' title='bbox 122 1117 272 1160; x_wconf 86' lang='grc' dir='ltr'><strong><em>νησεν·</em></strong></span> <span class='ocrx_word' id='word_1_113' title='bbox 294 1104 428 1146; x_wconf 86' lang='grc' dir='ltr'><strong><em>πάλιν</em></strong></span> <span class='ocrx_word' id='word_1_114' title='bbox 449 1104 585 1161; x_wconf 73' lang='grc' dir='ltr'><strong><em>ῥᾴσας</em></strong></span> <span class='ocrx_word' id='word_1_115' title='bbox 605 1106 685 1147; x_wconf 80' lang='grc' dir='ltr'><strong><em>οὐκ</em></strong></span> <span class='ocrx_word' id='word_1_116' title='bbox 706 1104 774 1147; x_wconf 85' lang='grc' dir='ltr'><strong><em>ε’πὶ</em></strong></span> <span class='ocrx_word' id='word_1_117' title='bbox 795 1106 843 1148; x_wconf 91' lang='grc' dir='ltr'><strong><em>τὸ</em></strong></span> <span class='ocrx_word' id='word_1_118' title='bbox 865 1105 1087 1161; x_wconf 79' lang='grc' dir='ltr'><strong><em>ῥᾳθυμεῖν</em></strong></span> <span class='ocrx_word' id='word_1_119' title='bbox 1107 1105 1351 1160; x_wconf 82' lang='grc' dir='ltr'><strong><em>ἀπέκλινε-ν,</em></strong></span> <span class='ocrx_word' id='word_1_120' title='bbox 1372 1102 1463 1147; x_wconf 83' lang='grc' dir='ltr'><strong><em>ἀλλ’</em></strong></span> 
     </span>
     <span class='ocr_line' id='line_1_17' title="bbox 72 1175 1469 1231; baseline -0.001 -13"><span class='ocrx_word' id='word_1_121' title='bbox 72 1192 104 1219; x_wconf 88' lang='lat'><strong><em>15</em></strong></span> <span class='ocrx_word' id='word_1_122' title='bbox 126 1176 260 1226; x_wconf 74' lang='grc' dir='ltr'><strong><em>εὐθὺς</em></strong></span> <span class='ocrx_word' id='word_1_123' title='bbox 281 1175 533 1225; x_wconf 87' lang='grc' dir='ltr'><strong><em>Ὀλυνθίοις</em></strong></span> <span class='ocrx_word' id='word_1_124' title='bbox 558 1175 846 1231; x_wconf 82' lang='grc' dir='ltr'><strong><em>ἐπεχείρησεν.</em></strong></span> <span class='ocrx_word' id='word_1_125' title='bbox 879 1177 953 1225; x_wconf 85' lang='grc' dir='ltr'><strong><em>τὰς</em></strong></span> <span class='ocrx_word' id='word_1_126' title='bbox 981 1175 1017 1217; x_wconf 84' lang='grc' dir='ltr'><strong><em>δ’</em></strong></span> <span class='ocrx_word' id='word_1_127' title='bbox 1046 1175 1110 1218; x_wconf 85' lang='grc' dir='ltr'><strong><em>ἐπ’</em></strong></span> <span class='ocrx_word' id='word_1_128' title='bbox 1136 1175 1379 1231; x_wconf 84' lang='grc' dir='ltr'><strong><em>Ἰλλυριοὺς</em></strong></span> <span class='ocrx_word' id='word_1_129' title='bbox 1398 1175 1469 1217; x_wconf 82' lang='grc' dir='ltr'><strong><em>καὶ</em></strong></span> 
     </span>
     <span class='ocr_line' id='line_1_18' title="bbox 128 1246 1470 1302; baseline 0 -14"><span class='ocrx_word' id='word_1_130' title='bbox 128 1248 325 1296; x_wconf 90' lang='grc' dir='ltr'><strong><em>Παίονας</em></strong></span> <span class='ocrx_word' id='word_1_131' title='bbox 351 1247 488 1288; x_wconf 86' lang='grc' dir='ltr'><strong><em>αὐτοῦ</em></strong></span> <span class='ocrx_word' id='word_1_132' title='bbox 514 1246 583 1288; x_wconf 80' lang='grc' dir='ltr'><strong><em>καὶ</em></strong></span> <span class='ocrx_word' id='word_1_133' title='bbox 611 1248 720 1301; x_wconf 88' lang='grc' dir='ltr'><strong><em>πρὸς</em></strong></span> <span class='ocrx_word' id='word_1_134' title='bbox 740 1247 955 1302; x_wconf 75' lang='grc' dir='ltr'><strong><em>Ἀρύββαν</em></strong></span> <span class='ocrx_word' id='word_1_135' title='bbox 981 1246 1052 1289; x_wconf 82' lang='grc' dir='ltr'><strong><em>καὶ</em></strong></span> <span class='ocrx_word' id='word_1_136' title='bbox 1074 1248 1173 1289; x_wconf 83' lang='grc' dir='ltr'><strong><em>ὅποι</em></strong></span> <span class='ocrx_word' id='word_1_137' title='bbox 1194 1263 1259 1296; x_wconf 86' lang='grc' dir='ltr'><strong><em>τις</em></strong></span> <span class='ocrx_word' id='word_1_138' title='bbox 1280 1247 1334 1288; x_wconf 78' lang='grc' dir='ltr'><strong><em>ἂν</em></strong></span> <span class='ocrx_word' id='word_1_139' title='bbox 1356 1247 1470 1289; x_wconf 82' lang='grc' dir='ltr'><strong><em>εἴποι</em></strong></span> 
     </span>
     <span class='ocr_line' id='line_1_19' title="bbox 125 1320 638 1372; baseline 0.002 -13"><span class='ocrx_word' id='word_1_140' title='bbox 125 1320 375 1372; x_wconf 83' lang='grc' dir='ltr'><strong><em>παραλείπω</em></strong></span> <span class='ocrx_word' id='word_1_141' title='bbox 403 1320 638 1370; x_wconf 85' lang='grc' dir='ltr'><strong><em>στρατείας.</em></strong></span> 
     </span>
     <span class='ocr_line' id='line_1_20' title="bbox 187 1385 1470 1443; baseline 0 -13"><span class='ocrx_word' id='word_1_142' title='bbox 187 1390 275 1441; x_wconf 85' lang='grc' dir='ltr'><strong><em>,,Τί</em></strong></span> <span class='ocrx_word' id='word_1_143' title='bbox 297 1385 407 1430; x_wconf 82' lang='grc' dir='ltr'><strong><em>οὗν“</em></strong></span> <span class='ocrx_word' id='word_1_144' title='bbox 441 1390 495 1430; x_wconf 80' lang='grc' dir='ltr'><strong><em>ἄν</em></strong></span> <span class='ocrx_word' id='word_1_145' title='bbox 519 1405 584 1438; x_wconf 86' lang='grc' dir='ltr'><strong><em>τις</em></strong></span> <span class='ocrx_word' id='word_1_146' title='bbox 611 1389 725 1431; x_wconf 86' lang='grc' dir='ltr'><strong><em>εἴποι</em></strong></span> <span class='ocrx_word' id='word_1_147' title='bbox 751 1395 915 1443; x_wconf 89' lang='grc' dir='ltr'><strong><em>,,ταῦτα</em></strong></span> <span class='ocrx_word' id='word_1_148' title='bbox 942 1388 1081 1443; x_wconf 86' lang='grc' dir='ltr'><strong><em>λέγεις</em></strong></span> <span class='ocrx_word' id='word_1_149' title='bbox 1109 1389 1211 1443; x_wconf 88' lang='grc' dir='ltr'><strong><em>ἡμῖν</em></strong></span> <span class='ocrx_word' id='word_1_150' title='bbox 1238 1389 1365 1443; x_wconf 78' lang='grc' dir='ltr'><strong><em>νῦν;“</em></strong></span> <span class='ocrx_word' id='word_1_151' title='bbox 1397 1388 1470 1430; x_wconf 86' lang='grc' dir='ltr'><strong><em>ἵνα</em></strong></span> 
     </span>
     <span class='ocr_line' id='line_1_21' title="bbox 127 1458 1471 1515; baseline 0 -15"><span class='ocrx_word' id='word_1_152' title='bbox 127 1458 256 1512; x_wconf 86' lang='grc' dir='ltr'><strong><em>γνῶτ’</em></strong></span> <span class='ocrx_word' id='word_1_153' title='bbox 288 1458 320 1501; x_wconf 87' lang='grc' dir='ltr'><strong>ὦ</strong></span> <span class='ocrx_word' id='word_1_154' title='bbox 354 1460 512 1515; x_wconf 77' lang='grc' dir='ltr'><strong><em>ἄνδρες</em></strong></span> <span class='ocrx_word' id='word_1_155' title='bbox 537 1459 760 1514; x_wconf 77' lang='grc' dir='ltr'><strong><em>Ἀθηναῖοι</em></strong></span> <span class='ocrx_word' id='word_1_156' title='bbox 792 1459 863 1501; x_wconf 82' lang='grc' dir='ltr'><strong><em>καὶ</em></strong></span> <span class='ocrx_word' id='word_1_157' title='bbox 891 1459 1104 1514; x_wconf 76' lang='grc' dir='ltr'><strong><em>αἴσθησθ’</em></strong></span> <span class='ocrx_word' id='word_1_158' title='bbox 1129 1460 1368 1514; x_wconf 81' lang='grc' dir='ltr'><strong><em>ἀμφότερα,</em></strong></span> <span class='ocrx_word' id='word_1_159' title='bbox 1400 1458 1471 1500; x_wconf 85' lang='grc' dir='ltr'><strong><em>καὶ</em></strong></span> 
     </span>
     <span class='ocr_line' id='line_1_22' title="bbox 72 1529 1473 1585; baseline -0.001 -13"><span class='ocrx_word' id='word_1_160' title='bbox 72 1547 106 1572; x_wconf 80' lang='lat'><strong><em>20</em></strong></span> <span class='ocrx_word' id='word_1_161' title='bbox 126 1531 173 1572; x_wconf 91' lang='grc' dir='ltr'><strong><em>τὸ</em></strong></span> <span class='ocrx_word' id='word_1_162' title='bbox 206 1533 441 1585; x_wconf 80' lang='grc' dir='ltr'><strong><em>προΐεσθαι</em></strong></span> <span class='ocrx_word' id='word_1_163' title='bbox 473 1529 572 1572; x_wconf 79' lang='grc' dir='ltr'><strong><em>καθ’</em></strong></span> <span class='ocrx_word' id='word_1_164' title='bbox 603 1530 787 1573; x_wconf 78' lang='grc' dir='ltr'><strong><em>ἕκαστον</em></strong></span> <span class='ocrx_word' id='word_1_165' title='bbox 819 1533 907 1573; x_wconf 86' lang='grc' dir='ltr'><strong><em>αιέί</em></strong></span> <span class='ocrx_word' id='word_1_166' title='bbox 934 1547 975 1572; x_wconf 93' lang='grc' dir='ltr'><strong><em>τι</em></strong></span> <span class='ocrx_word' id='word_1_167' title='bbox 1008 1539 1097 1573; x_wconf 89' lang='grc' dir='ltr'><strong><em>τῶν</em></strong></span> <span class='ocrx_word' id='word_1_168' title='bbox 1122 1530 1388 1585; x_wconf 76' lang='grc' dir='ltr'><strong><em>πραγμάτων</em></strong></span> <span class='ocrx_word' id='word_1_169' title='bbox 1416 1530 1473 1579; x_wconf 84' lang='grc' dir='ltr'><strong><em>ὡς</em></strong></span> 
     </span>
     <span class='ocr_line' id='line_1_23' title="bbox 128 1597 1472 1657; baseline 0 -15"><span class='ocrx_word' id='word_1_170' title='bbox 128 1597 390 1651; x_wconf 81' lang='grc' dir='ltr'><strong><em>ἀλυσιτελές,</em></strong></span> <span class='ocrx_word' id='word_1_171' title='bbox 417 1602 486 1642; x_wconf 84' lang='grc' dir='ltr'><strong><em>καὶ</em></strong></span> <span class='ocrx_word' id='word_1_172' title='bbox 507 1603 587 1656; x_wconf 84' lang='grc' dir='ltr'><strong><em>τὴν</em></strong></span> <span class='ocrx_word' id='word_1_173' title='bbox 608 1602 1034 1656; x_wconf 85' lang='grc' dir='ltr'><strong><em>φιλοπραγμοσύνην</em></strong></span> <span class='ocrx_word' id='word_1_174' title='bbox 1053 1597 1080 1657; x_wconf 80' lang='grc' dir='ltr'><em>ᾗ</em></span> <span class='ocrx_word' id='word_1_175' title='bbox 1101 1609 1254 1656; x_wconf 84' lang='grc' dir='ltr'><strong><em>χρῆται</em></strong></span> <span class='ocrx_word' id='word_1_176' title='bbox 1274 1600 1345 1643; x_wconf 83' lang='grc' dir='ltr'><strong><em>καὶ</em></strong></span> <span class='ocrx_word' id='word_1_177' title='bbox 1368 1603 1472 1655; x_wconf 78' lang='grc' dir='ltr'><strong><em>συζῇ</em></strong></span> 
     </span>
     <span class='ocr_line' id='line_1_24' title="bbox 133 1669 1475 1727; baseline 0.001 -14"><span class='ocrx_word' id='word_1_178' title='bbox 133 1673 361 1725; x_wconf 84' lang='grc' dir='ltr'><strong><em>Φίλιππος,</em></strong></span> <span class='ocrx_word' id='word_1_179' title='bbox 387 1671 466 1726; x_wconf 86' lang='grc' dir='ltr'><strong><em>ὑφ’</em></strong></span> <span class='ocrx_word' id='word_1_180' title='bbox 485 1669 535 1726; x_wconf 78' lang='grc' dir='ltr'><strong><em>ἧς</em></strong></span> <span class='ocrx_word' id='word_1_181' title='bbox 555 1673 635 1714; x_wconf 81' lang='grc' dir='ltr'><strong><em>οὐκ</em></strong></span> <span class='ocrx_word' id='word_1_182' title='bbox 656 1675 775 1714; x_wconf 78' lang='grc' dir='ltr'><strong><em>ἔστιν</em></strong></span> <span class='ocrx_word' id='word_1_183' title='bbox 796 1673 912 1722; x_wconf 82' lang='grc' dir='ltr'><strong><em>ὅπως</em></strong></span> <span class='ocrx_word' id='word_1_184' title='bbox 932 1672 1155 1727; x_wconf 82' lang='grc' dir='ltr'><strong><em>ἀγαπήσας</em></strong></span> <span class='ocrx_word' id='word_1_185' title='bbox 1175 1679 1265 1722; x_wconf 91' lang='grc' dir='ltr'><strong><em>τοῖς</em></strong></span> <span class='ocrx_word' id='word_1_186' title='bbox 1284 1687 1475 1725; x_wconf 89' lang='grc' dir='ltr'><strong><em>πεπραγ-</em></strong></span> 
     </span>
     <span class='ocr_line' id='line_1_25' title="bbox 129 1741 1475 1798; baseline 0 -15"><span class='ocrx_word' id='word_1_187' title='bbox 129 1741 278 1796; x_wconf 86' lang='grc' dir='ltr'><strong><em>μένοις</em></strong></span> <span class='ocrx_word' id='word_1_188' title='bbox 302 1743 490 1797; x_wconf 79' lang='grc' dir='ltr'><strong><em>ἡσυχίαν</em></strong></span> <span class='ocrx_word' id='word_1_189' title='bbox 515 1746 674 1798; x_wconf 89' lang='grc' dir='ltr'><strong><em>σχήσει.</em></strong></span> <span class='ocrx_word' id='word_1_190' title='bbox 714 1745 754 1784; x_wconf 92' lang='grc' dir='ltr'><strong><em>εί</em></strong></span> <span class='ocrx_word' id='word_1_191' title='bbox 778 1742 816 1784; x_wconf 84' lang='grc' dir='ltr'><strong><em>δ’</em></strong></span> <span class='ocrx_word' id='word_1_192' title='bbox 837 1743 859 1785; x_wconf 84' lang='grc' dir='ltr'>ὁ</span> <span class='ocrx_word' id='word_1_193' title='bbox 880 1743 959 1797; x_wconf 82' lang='grc' dir='ltr'><strong><em>μὲν</em></strong></span> <span class='ocrx_word' id='word_1_194' title='bbox 980 1743 1037 1792; x_wconf 87' lang='grc' dir='ltr'><strong><em>ὡς</em></strong></span> <span class='ocrx_word' id='word_1_195' title='bbox 1057 1744 1145 1785; x_wconf 81' lang='grc' dir='ltr'><strong><em>αἰεί</em></strong></span> <span class='ocrx_word' id='word_1_196' title='bbox 1162 1759 1202 1784; x_wconf 92' lang='grc' dir='ltr'><strong><em>τι</em></strong></span> <span class='ocrx_word' id='word_1_197' title='bbox 1222 1746 1368 1797; x_wconf 85' lang='grc' dir='ltr'><strong><em>μεῖζον</em></strong></span> <span class='ocrx_word' id='word_1_198' title='bbox 1388 1751 1475 1784; x_wconf 86' lang='grc' dir='ltr'><strong><em>τῶν</em></strong></span> 
     </span>
     <span class='ocr_line' id='line_1_26' title="bbox 129 1812 1477 1869; baseline 0 -14"><span class='ocrx_word' id='word_1_199' title='bbox 129 1813 418 1868; x_wconf 87' lang='grc' dir='ltr'><strong><em>ὑπαρχόντων</em></strong></span> <span class='ocrx_word' id='word_1_200' title='bbox 454 1815 521 1855; x_wconf 86' lang='grc' dir='ltr'><strong><em>δεῖ</em></strong></span> <span class='ocrx_word' id='word_1_201' title='bbox 552 1814 760 1868; x_wconf 78' lang='grc' dir='ltr'><strong><em>πράττειν</em></strong></span> <span class='ocrx_word' id='word_1_202' title='bbox 794 1813 993 1867; x_wconf 80' lang='grc' dir='ltr'><strong><em>ἐγνωκὼς</em></strong></span> <span class='ocrx_word' id='word_1_203' title='bbox 1027 1812 1160 1867; x_wconf 79' lang='grc' dir='ltr'><strong><em>ἔσται,</em></strong></span> <span class='ocrx_word' id='word_1_204' title='bbox 1198 1815 1321 1869; x_wconf 80' lang='grc' dir='ltr'><strong><em>ἡμεῖς</em></strong></span> <span class='ocrx_word' id='word_1_205' title='bbox 1353 1813 1390 1855; x_wconf 88' lang='grc' dir='ltr'><strong><em>δ’</em></strong></span> <span class='ocrx_word' id='word_1_206' title='bbox 1419 1815 1477 1863; x_wconf 85' lang='grc' dir='ltr'><strong><em>ὡς</em></strong></span> 
     </span>
     <span class='ocr_line' id='line_1_27' title="bbox 80 1884 1477 1939; baseline 0 -13"><span class='ocrx_word' id='word_1_207' title='bbox 80 1884 316 1933; x_wconf 67' lang='grc' dir='ltr'><strong><em>εεόὐδενὸς</em></strong></span> <span class='ocrx_word' id='word_1_208' title='bbox 349 1884 637 1938; x_wconf 85' lang='grc' dir='ltr'><strong><em>ἀντιληπτέον</em></strong></span> <span class='ocrx_word' id='word_1_209' title='bbox 671 1884 924 1938; x_wconf 82' lang='grc' dir='ltr'><strong><em>ἐρρωμένως</em></strong></span> <span class='ocrx_word' id='word_1_210' title='bbox 956 1892 1044 1926; x_wconf 90' lang='grc' dir='ltr'><strong><em>τῶν</em></strong></span> <span class='ocrx_word' id='word_1_211' title='bbox 1069 1885 1348 1939; x_wconf 80' lang='grc' dir='ltr'><strong><em>πραγμάτων,</em></strong></span> <span class='ocrx_word' id='word_1_212' title='bbox 1382 1897 1477 1926; x_wconf 86' lang='grc' dir='ltr'><strong><em>σκο-</em></strong></span> 
     </span>
     <span class='ocr_line' id='line_1_28' title="bbox 131 1953 1475 2010; baseline 0 -14"><span class='ocrx_word' id='word_1_213' title='bbox 131 1953 277 1996; x_wconf 88' lang='grc' dir='ltr'><strong><em>πεῖσθ’</em></strong></span> <span class='ocrx_word' id='word_1_214' title='bbox 311 1956 371 2003; x_wconf 86' lang='grc' dir='ltr'><strong><em>εἰς</em></strong></span> <span class='ocrx_word' id='word_1_215' title='bbox 403 1957 448 1996; x_wconf 89' lang='grc' dir='ltr'><strong><em>τί</em></strong></span> <span class='ocrx_word' id='word_1_216' title='bbox 475 1954 568 1996; x_wconf 85' lang='grc' dir='ltr'><strong><em>ποτ’</em></strong></span> <span class='ocrx_word' id='word_1_217' title='bbox 596 1953 717 2004; x_wconf 81' lang='grc' dir='ltr'><strong><em>ἐλπὶς</em></strong></span> <span class='ocrx_word' id='word_1_218' title='bbox 742 1961 876 1996; x_wconf 90' lang='grc' dir='ltr'><strong><em>ταῦτα</em></strong></span> <span class='ocrx_word' id='word_1_219' title='bbox 903 1959 1168 2008; x_wconf 81' lang='grc' dir='ltr'><strong><em>τελευτῆσαι.</em></strong></span> <span class='ocrx_word' id='word_1_220' title='bbox 1209 1955 1319 2009; x_wconf 86' lang='grc' dir='ltr'><strong><em>πρὸς</em></strong></span> <span class='ocrx_word' id='word_1_221' title='bbox 1343 1960 1475 2010; x_wconf 82' lang='grc' dir='ltr'><strong><em>θεῶν,</em></strong></span> 
     </span>
     <span class='ocr_line' id='line_1_29' title="bbox 130 2024 1478 2080; baseline -0.001 -13"><span class='ocrx_word' id='word_1_222' title='bbox 130 2027 196 2075; x_wconf 90' lang='grc' dir='ltr'><strong><em>τίς</em></strong></span> <span class='ocrx_word' id='word_1_223' title='bbox 227 2025 365 2075; x_wconf 83' lang='grc' dir='ltr'><strong><em>οὕτως</em></strong></span> <span class='ocrx_word' id='word_1_224' title='bbox 396 2026 560 2079; x_wconf 86' lang='grc' dir='ltr'><strong><em>εὐήθης</em></strong></span> <span class='ocrx_word' id='word_1_225' title='bbox 586 2024 705 2067; x_wconf 83' lang='grc' dir='ltr'><strong><em>ἐστὶν</em></strong></span> <span class='ocrx_word' id='word_1_226' title='bbox 731 2025 856 2080; x_wconf 86' lang='grc' dir='ltr'><strong><em>ὑμῶν</em></strong></span> <span class='ocrx_word' id='word_1_227' title='bbox 881 2026 999 2075; x_wconf 85' lang='grc' dir='ltr'><strong><em>ὅστις</em></strong></span> <span class='ocrx_word' id='word_1_228' title='bbox 1025 2025 1176 2079; x_wconf 82' lang='grc' dir='ltr'><strong><em>ἀγνοεῖ</em></strong></span> <span class='ocrx_word' id='word_1_229' title='bbox 1201 2026 1278 2067; x_wconf 90' lang='grc' dir='ltr'><strong><em>τὸν</em></strong></span> <span class='ocrx_word' id='word_1_230' title='bbox 1306 2025 1478 2067; x_wconf 84' lang='grc' dir='ltr'><strong><em>ἐκεῖθεν</em></strong></span> 
     </span>
     <span class='ocr_line' id='line_1_30' title="bbox 132 2094 1478 2151; baseline -0.001 -13"><span class='ocrx_word' id='word_1_231' title='bbox 132 2099 324 2151; x_wconf 87' lang='grc' dir='ltr'><strong><em>πόλεμον</em></strong></span> <span class='ocrx_word' id='word_1_232' title='bbox 363 2094 482 2150; x_wconf 86' lang='grc' dir='ltr'><strong><em>δεῦρ’</em></strong></span> <span class='ocrx_word' id='word_1_233' title='bbox 517 2097 689 2150; x_wconf 77' lang='grc' dir='ltr'><strong><em>ἥξοντα,</em></strong></span> <span class='ocrx_word' id='word_1_234' title='bbox 727 2096 782 2138; x_wconf 76' lang='grc' dir='ltr'><strong><em>ἂν</em></strong></span> <span class='ocrx_word' id='word_1_235' title='bbox 820 2096 1120 2151; x_wconf 68' lang='grc' dir='ltr'><strong><em>ἀμελήσωμεν,</em></strong></span> <span class='ocrx_word' id='word_1_236' title='bbox 1159 2096 1267 2138; x_wconf 77' lang='grc' dir='ltr'><strong><em>ἀλλὰ</em></strong></span> <span class='ocrx_word' id='word_1_237' title='bbox 1304 2098 1403 2151; x_wconf 91' lang='grc' dir='ltr'><strong><em>μήν,</em></strong></span> <span class='ocrx_word' id='word_1_238' title='bbox 1441 2097 1478 2138; x_wconf 85' lang='grc' dir='ltr'><strong><em>εἰ</em></strong></span> 
     </span>
     <span class='ocr_line' id='line_1_31' title="bbox 133 2164 1480 2222; baseline 0 -14"><span class='ocrx_word' id='word_1_239' title='bbox 133 2173 262 2208; x_wconf 87' lang='grc' dir='ltr'><strong><em>τοῦτο</em></strong></span> <span class='ocrx_word' id='word_1_240' title='bbox 300 2169 542 2221; x_wconf 89' lang='grc' dir='ltr'><strong><em>γενήσεται,</em></strong></span> <span class='ocrx_word' id='word_1_241' title='bbox 580 2164 741 2209; x_wconf 82' lang='grc' dir='ltr'><strong><em>δέδοικ’</em></strong></span> <span class='ocrx_word' id='word_1_242' title='bbox 781 2164 814 2208; x_wconf 82' lang='grc' dir='ltr'><em>ὦ</em></span> <span class='ocrx_word' id='word_1_243' title='bbox 853 2168 1011 2222; x_wconf 79' lang='grc' dir='ltr'><strong><em>ἄνδρες</em></strong></span> <span class='ocrx_word' id='word_1_244' title='bbox 1042 2166 1264 2221; x_wconf 78' lang='grc' dir='ltr'><strong><em>Ἀθηναῖοι</em></strong></span> <span class='ocrx_word' id='word_1_245' title='bbox 1303 2168 1359 2221; x_wconf 86' lang='grc' dir='ltr'><strong><em>μὴ</em></strong></span> <span class='ocrx_word' id='word_1_246' title='bbox 1401 2168 1480 2208; x_wconf 92' lang='grc' dir='ltr'><strong><em>τὸν</em></strong></span> 
     </span>
     <span class='ocr_line' id='line_1_32' title="bbox 83 2236 1480 2293; baseline 0 -14"><span class='ocrx_word' id='word_1_247' title='bbox 83 2254 117 2280; x_wconf 71' lang='lat' dir='ltr'><strong><em>ao</em></strong></span> <span class='ocrx_word' id='word_1_248' title='bbox 137 2237 271 2279; x_wconf 90' lang='grc' dir='ltr'><strong><em>αὐτὸν</em></strong></span> <span class='ocrx_word' id='word_1_249' title='bbox 307 2240 471 2291; x_wconf 89' lang='grc' dir='ltr'><strong><em>τρόπον</em></strong></span> <span class='ocrx_word' id='word_1_250' title='bbox 509 2237 651 2290; x_wconf 82' lang='grc' dir='ltr'><strong><em>ὥσπερ</em></strong></span> <span class='ocrx_word' id='word_1_251' title='bbox 688 2238 734 2279; x_wconf 77' lang='lat' dir='ltr'><strong><em>oc</em></strong></span> <span class='ocrx_word' id='word_1_252' title='bbox 763 2238 1059 2292; x_wconf 80' lang='grc' dir='ltr'><strong><em>δανειζόμενοι</em></strong></span> <span class='ocrx_word' id='word_1_253' title='bbox 1093 2237 1255 2293; x_wconf 79' lang='grc' dir='ltr'><strong><em>ῥᾳδίως</em></strong></span> <span class='ocrx_word' id='word_1_254' title='bbox 1286 2236 1355 2279; x_wconf 80' lang='grc' dir='ltr'><strong><em>ἐπὶ</em></strong></span> <span class='ocrx_word' id='word_1_255' title='bbox 1389 2245 1480 2287; x_wconf 83' lang='grc' dir='ltr'><strong><em>τοῖς</em></strong></span> 
     </span>
    </p>
   </div>
   <div class='ocr_carea' id='block_1_4' title="bbox 1488 338 1530 369">
    <p class='ocr_par' dir='ltr' id='par_1_4' title="bbox 1488 338 1530 369">
     <span class='ocr_line' id='line_1_33' title="bbox 1488 338 1530 369; baseline 0 0"><span class='ocrx_word' id='word_1_256' title='bbox 1488 338 1530 369; x_wconf 83' lang='grc'><strong><em>12</em></strong></span> 
     </span>
    </p>
   </div>
   <div class='ocr_carea' id='block_1_5' title="bbox 1494 833 1536 865">
    <p class='ocr_par' dir='ltr' id='par_1_5' title="bbox 1494 833 1536 865">
     <span class='ocr_line' id='line_1_34' title="bbox 1494 833 1536 865; baseline -0.024 0"><span class='ocrx_word' id='word_1_257' title='bbox 1494 833 1536 865; x_wconf 88' lang='grc'><strong><em>13</em></strong></span> 
     </span>
    </p>
   </div>
   <div class='ocr_carea' id='block_1_6' title="bbox 1500 1399 1542 1430">
    <p class='ocr_par' dir='ltr' id='par_1_6' title="bbox 1500 1399 1542 1430">
     <span class='ocr_line' id='line_1_35' title="bbox 1500 1399 1542 1430; baseline 0 0"><span class='ocrx_word' id='word_1_258' title='bbox 1500 1399 1542 1430; x_wconf 83' lang='grc'><strong><em>14</em></strong></span> 
     </span>
    </p>
   </div>
   <div class='ocr_carea' id='block_1_7' title="bbox 1504 1964 1546 1995">
    <p class='ocr_par' dir='ltr' id='par_1_7' title="bbox 1504 1964 1546 1995">
     <span class='ocr_line' id='line_1_36' title="bbox 1504 1964 1546 1995; baseline 0 0"><span class='ocrx_word' id='word_1_259' title='bbox 1504 1964 1546 1995; x_wconf 88' lang='lat'><strong><em>15</em></strong></span> 
     </span>
    </p>
   </div>
  </div>
 </body>
</html>
