1689 2531
182 93 238 133 42
666 94 1040 128 ΔΗΜΟΣΘΕΝΟΤΣ
1466 95 1526 140 [IV

181 188 298 245 ἔχειν
331 190 450 245 δοκῇ,
481 190 644 245 χρόνον
672 190 832 232 τακτὸν
858 189 1241 245 στρατευομένους,
1271 191 1326 244 μὴ
1359 191 1527 244 μακρὸν

181 266 354 315 τοῦτον,
388 258 479 302 ἀλλ’
519 261 624 302 ὅσον
659 259 714 302 ἂν
752 261 859 316 δοκῇ
896 263 1036 310 καλῶς
1059 260 1062 315 Ι
1086 258 1212 316 ἔχειν,
1245 259 1291 302 ἐκ
1323 262 1526 316 διαδοχῆς
1547 264 1597 299 46

182 330 402 385 ἀλλήλοις·
427 333 530 381 τοὺς
557 329 593 372 δ’
621 332 780 381 ἄλλους
806 330 957 381 ξένους
979 327 1091 373 εἶναι
1117 332 1290 374 κελεύω.
1325 332 1397 373 καὶ
1422 333 1527 385 μετὰ

181 402 351 444 τούτων
373 401 525 451 ἱππέας
546 402 810 456 διακοσίους,
835 402 907 443 καὶ
932 402 1102 444 τούτων
1126 400 1378 456 πεντήκοντ’
1401 401 1526 457 Ἀθη-

182 474 334 523 ναίους
360 473 660 528 τούλάχιστον,
685 473 830 527 ὥσπερ
851 474 953 522 τοὺς
973 473 1139 528 πεζούς,
1164 474 1242 515 τὸν
1268 473 1404 516 αὐτὸν
1419 475 1525 528 -τρό-
1547 491 1561 516 5

113 555 155 586 22
182 560 268 586 πον
294 543 682 598 στρατευομένους·
714 544 785 585 καὶ
819 545 1099 598 ἱππαγωγοὺς
1125 544 1308 593 τούτοις.
1353 539 1459 586 εἶεν·
1485 546 1529 586 τί

182 615 290 669 πρὸς
308 615 479 664 τούτοις
500 612 581 666 ἔτι;
606 615 777 669 ταχείας
796 616 986 669 τριήρεις
1007 614 1127 657 δέκα·
1152 616 1219 656 δεῖ
1237 614 1333 670 γάρ,
1352 613 1527 670 ἔχοντος

183 684 352 727 ἐκείνου
373 686 594 740 ναυτικόν,
613 685 684 726 καὶ
704 692 888 740 ταχειῶν
907 687 1098 740 τριήρων
1116 686 1232 741 ἡμῖν,
1252 686 1366 736 ὅπως
1387 685 1527 740 ἀσφα-

184 760 266 805 λῶς
291 757 317 810 ἡ
345 756 529 809 δύναμις
560 755 679 813 πλέῃ.
723 758 867 798 πόθεν
900 757 952 811 δὴ
983 758 1155 806 τούτοις
1181 757 1206 811 ἡ
1233 758 1374 811 τροφὴ
1401 759 1526 811 γενή-

185 838 322 879 σεται;
349 825 431 881 ἐγὼ
457 828 529 869 καὶ
555 834 684 869 τοῦτο
712 827 865 882 φράσω
892 828 964 869 καὶ
991 827 1130 882 δείξω,
1157 826 1347 882 ε’πειδάν,
1373 826 1430 869 δι’
1462 828 1527 870 ὅτι
1549 846 1581 870 10

183 898 447 952 τηλικαύτην
473 897 670 953 ἀποχρῆν
690 895 808 951 οἶμαι
828 899 909 953 τὴν
930 899 1120 951 δύναμιν
1139 899 1210 940 καὶ
1229 900 1407 949 πολίτας
1426 900 1528 949 τοὺς

185 968 554 1024 στρατευομένους
581 965 693 1011 εἶναι
720 970 895 1024 κελεύω,
921 969 1094 1020 διδάξω.

113 1052 157 1083 ‘23
249 1040 476 1095 Τοσαύτην
501 1041 582 1093 μὲν
608 1037 640 1082 ὦ
661 1041 818 1094 ἄνδρες
835 1039 1060 1095 Ἀθηναῖοι
1085 1041 1158 1082 διὰ
1182 1048 1329 1092 ταῦτα,
1356 1041 1422 1083 ὅτι
1448 1040 1528 1083 οὐκ

184 1110 250 1153 ἔνι
276 1117 361 1153 νῦν
387 1112 492 1165 ἡμῖν
516 1113 787 1166 πορίσασθαι
809 1112 999 1164 δύναμιν
1019 1112 1099 1166 τὴν
1119 1110 1268 1169 ἐκείνω
1289 1111 1528 1167 παραταξο-

184 1181 334 1236 μένην,
359 1182 468 1224 ἀλλὰ
494 1183 721 1240 λῃστεύειν
748 1182 914 1237 ἀνάγκη
941 1183 1012 1224 καὶ
1037 1183 1177 1240 τούτῳ
1200 1188 1259 1240 τῷ
1279 1184 1424 1240 τρόπῳ
1450 1189 1528 1225 τοῦ
1550 1201 1580 1225 15

185 1252 376 1306 πολέμου
415 1257 607 1308 χρῆσθαι
645 1254 725 1308 τὴν
762 1254 956 1308 πρώτην·
1002 1254 1054 1295 οὐ
1092 1256 1246 1296 τοίνυν
1283 1253 1529 1309 ὑπέρογκον

186 1324 324 1378 αὐτήν
351 1323 423 1380 (οὐ
449 1325 532 1379 γὰρ
560 1322 651 1366 ἔστι
676 1325 836 1377 μισθὸς
863 1325 967 1366 οὐδὲ
987 1323 1162 1381 τροφή),
1187 1325 1291 1367 οὐδὲ
1309 1328 1529 1375 παντελῶς

184 1396 395 1449 ταπεινὴν
427 1390 539 1437 εἶναι
573 1396 650 1438 δεῖ.
693 1397 870 1445 πολίτας
906 1396 953 1439 δὲ
984 1403 1186 1450 παρεῖναι
1218 1396 1290 1437 καὶ
1316 1399 1530 1448 συμπλεῖν

187 1467 259 1508 διὰ
284 1472 420 1507 ταῦτα
445 1466 621 1521 κελεύω,
647 1466 712 1508 ὅτι
733 1467 804 1508 καὶ
829 1468 1045 1521 πρότερόν
1070 1464 1163 1508 ποτ’
1190 1465 1333 1508 ἀκούω
1358 1466 1529 1517 ξενικὸν

186 1537 362 1592 τρέφειν
389 1536 436 1579 ἐν
456 1539 670 1594 Κορίνθῳ
697 1538 778 1592 τὴν
803 1539 946 1592 πόλιν,
973 1535 1024 1580 οὗ
1047 1538 1358 1593 Πολύστρατος
1383 1538 1528 1592 ἡγεῖτο
1550 1556 1582 1580 20

186 1609 257 1650 καὶ
278 1606 524 1663 Ἰφικράτης
551 1609 622 1650 καὶ
648 1610 844 1663 Χαβρίας
870 1610 941 1650 καὶ
971 1610 1094 1650 ἄλλοι
1120 1608 1248 1664 τινές,
1272 1609 1344 1650 καὶ
1369 1609 1528 1659 αὐτοὺς

186 1680 296 1732 ὑμᾶς
329 1680 722 1733 συστρατεύεσθαι·
751 1680 822 1721 καὶ
855 1676 936 1722 οἶδ’
968 1679 1142 1722 ἀκούων
1169 1680 1234 1722 ὅτι
1260 1681 1529 1733 Λακεδαιμω

186 1752 309 1800 νίους
335 1752 706 1804 παραταττόμενοι
731 1749 830 1804 μεθ’
862 1751 985 1804 ὑμῶν
1012 1749 1169 1793 ἐνίκων
1195 1748 1317 1793 οὗτοι
1344 1752 1384 1793 οῑ
1413 1750 1529 1801 ξένοι

117 1834 161 1865 24
187 1822 258 1863 καὶ
284 1821 405 1874 ὑμεῖς
431 1819 519 1873 μετ’
552 1820 742 1864 ἐκείνων.
769 1821 811 1872 ἐξ
839 1819 891 1864 οὗ
919 1820 956 1864 δ’
989 1822 1098 1864 αὐτὰ
1123 1819 1222 1863 καθ’
1253 1822 1363 1863 αὑτὰ
1387 1822 1440 1863 τὰ
1466 1821 1528 1872 ξε-

187 1894 287 1935 νικὰ
312 1892 418 1945 ὑμῖν
444 1893 734 1946 στρατεύεται,
759 1894 860 1942 τοὺς
888 1893 1044 1946 φίλους
1070 1897 1171 1948 νικᾷ
1200 1891 1272 1933 καὶ
1294 1893 1397 1941 τοὺς
1424 1901 1530 1944 συμ-
1550 1910 1582 1935 25

188 1964 363 2019 μάχους,
390 1964 430 2005 οἱ
459 1961 495 2004 δ’
522 1961 676 2018 ἐχθροὶ
701 1965 871 2015 μείζους
896 1969 974 2004 τοῦ
1002 1962 1178 2012 δέοντος
1204 1963 1422 2016 γεγόνασι.
1459 1963 1530 2004 καὶ

188 2031 490 2089 παρακύψαντ’
523 2032 592 2075 ἐπὶ
624 2034 702 2076 τὸν
733 2041 807 2088 τῆς
833 2035 998 2083 πόλεως
1023 2035 1227 2087 πόλεμον,
1257 2033 1365 2087 πρὸς
1390 2033 1530 2088 Ἀρτά-

188 2109 321 2160 βαζον
346 2106 418 2147 καὶ
443 2111 656 2160 πανταχοῖ
679 2109 847 2158 μᾶλλον
873 2105 1034 2160 οἴχεται
1054 2104 1255 2159 πλέοντα,
1280 2103 1301 2146 ὁ
1329 2104 1377 2146 δὲ
1403 2115 1530 2159 στρα-

188 2174 605 2233 τηγὸςΙάκολουθεῖ,
636 2177 827 2226 εἰκότως·
860 2176 913 2219 οὐ
945 2177 1027 2231 γὰρ
1060 2173 1146 2217 ἔστ’
1184 2176 1334 2230 ἄρχειν
1371 2177 1427 2230 μὴ
1466 2176 1530 2217 δι-
1550 2179 1597 2215 47

118 2260 162 2290 25
190 2248 324 2289 δόντα
355 2248 533 2300 μισθόν.
575 2248 620 2289 τί
649 2244 731 2289 οὖν
761 2248 941 2299 κελεύω;
973 2247 1047 2296 τὰς
1078 2246 1319 2302 προφάσεις
1351 2245 1530 2302 ἀφελεῖν
1549 2264 1583 2289 3ο
