1689 2531
28 493 163 519 Prooem.

91 529 106 553 1

172 51 196 92 8
654 52 1028 85 ΔΗΜΟΣΘΕΝΟΤΣ
1488 51 1516 95 [1

131 162 150 192 6
231 153 446 191 Διείλεκται
472 147 508 190 δ’
533 150 553 190 ὁ
579 151 707 204 ῥήτωρ
733 150 799 190 καὶ
823 150 910 202 περὶ
935 155 1135 203 πολιτικῆς
1154 152 1370 203 δυνάμεως,
1395 151 1516 200 ἀξιῶν

173 217 316 264 αὐτοὺς
341 218 632 270 στρατεύεσθαι,
658 216 722 256 καὶ
745 216 798 268 μὴ
820 217 883 255 διὰ
906 215 1039 267 ξένων,
1059 216 1186 269 ὥσπερ
1205 218 1412 267 εἰώθεσαν,
1431 233 1516 257 ποι·

172 285 304 322 εἶσθαι
322 283 394 333 τὴν
414 284 624 334 βοήθειαν·
645 288 757 321 τοῦτο
774 281 846 333 γὰρ
861 282 986 320 αἴτιον
1005 278 1108 321 εἶναί
1125 295 1226 334 φησι
1243 289 1313 322 τοῦ
1331 282 1377 322 τὰ
1396 284 1515 335 πράγ-

173 344 259 398 ματ’
281 347 539 387 ἀπόλλυσθαι.

133 447 149 477 1
229 433 344 476 Ἀντὶ
369 437 546 476 πολλῶν
573 433 627 475 ἂν
653 431 686 475 ὧ
713 435 872 488 ἄνδρες
895 432 1122 488 Ἀθηναῖοι
1153 435 1386 489 χρημάτων
1408 434 1519 488 ὑμᾶς
1539 453 1555 479 5

175 505 354 548 ἑλέσθαι
380 508 553 559 νομίζω,
580 507 616 547 εἰ
638 506 834 560 φανερὸν
854 505 1026 559 γένοιτο
1045 506 1093 548 τὸ
1114 505 1275 560 μέλλον
1295 507 1519 548 συνοίσειν

172 584 223 633 τῇ
249 580 374 620 πόλει
400 576 497 630 περὶ
519 573 582 618 ὧν
602 575 704 618 νυνὶ
725 584 935 618 σκοπεῖτε.
969 577 1040 618 ὅτε
1060 578 1216 619 τοίνυν
1235 575 1361 619 τοῦθ’
1381 577 1519 626 οὕτως

172 646 280 703 ἔχει,
310 649 520 703 προσήκει
551 648 795 702 προθύμως
826 647 1001 690 ἐθέλειν
1033 648 1212 690 ἀκούειν
1243 656 1333 690 τῶν
1361 650 1519 702 βουλο·

171 719 317 774 μένων
332 719 668 772 συμβουλεύειν·
690 719 742 760 οὐ
759 720 840 774 γὰρ
856 721 996 774 μόνον
1016 719 1056 761 εἴ
1072 736 1114 761 τι
1134 721 1351 774 χρήσιμον
1370 718 1519 773 ἐσκεμ-

173 790 303 845 μένος
334 791 427 844 ἥκει
459 806 537 839 τις,
569 788 686 832 τοῦτ’
712 789 768 831 ἂν
794 789 1059 839 ἀκούσαντες
1091 791 1279 844 λάβοιτε,
1312 790 1421 832 ἀλλὰ
1446 789 1518 831 καὶ
1540 808 1573 833 ιο

172 867 247 915 τῆς
271 861 480 917 ὑμετέρας
506 862 637 916 τύχης
663 861 960 915 ὑπολαμβάνω
987 862 1126 903 πολλὰ
1151 869 1240 903 τῶν
1261 862 1454 903 δεόντων
1474 860 1519 902 ἐκ

173 939 252 975 τοῦ
278 931 522 987 παραχρῆμ’
550 932 683 981 ἐνίοις
709 932 765 974 ἂν
791 931 996 974 ἐπελθεῖν
1017 934 1168 987 εἰπεῖν,
1196 931 1296 974 ὥστ’
1322 931 1364 982 ἐξ
1385 932 1520 974 ἀπάν-

173 1020 260 1046 των
275 1004 435 1059 ῥᾳδίαν
454 1005 534 1058 τὴν
552 1010 631 1045 τοῦ
653 1003 955 1058 συμφέροντος
980 1003 1086 1058 ὑμῖν
1107 1004 1278 1057 αἵρεσιν
1298 1002 1520 1057 γενέσθαι.

131 1087 150 1117 2
234 1074 276 1116 ‘O
301 1076 382 1128 μὲν
408 1073 490 1117 οὖν
514 1076 668 1130 παρὼν
693 1076 842 1128 καιρὸς
869 1073 901 1117 ὦ
935 1076 1094 1129 ἄνδρες
1121 1074 1351 1130 Ἀθηναῖοι
1383 1076 1522 1129 μόνον

173 1146 271 1201 οὐχὶ
293 1147 407 1200 λέγει
429 1147 584 1201 φωνὴν
609 1146 767 1202 ἀφιείς,
792 1147 858 1188 ὄτι
880 1155 970 1188 τῶν
995 1147 1263 1201 πραγμάτων
1282 1146 1388 1201 ὑμῖν
1415 1146 1521 1187 ἐκεί·
1544 1162 1575 1189 15

173 1234 265 1259 νων
290 1218 438 1267 αὐτοῖς
465 1217 752 1271 ἀντιληπτέον
778 1217 911 1271 ἐστίν,
938 1217 1058 1272 εἴπερ
1078 1218 1189 1272 ὑπὲρ
1212 1219 1425 1272 σωτηρίας
1445 1217 1520 1258 αὐ-

173 1297 261 1331 τῶν
288 1291 555 1344 φροντίζετε·
589 1290 710 1343 ἡμεῖς
737 1288 774 1331 δ’
807 1289 887 1331 οὐκ
914 1284 996 1330 οἶδ’
1024 1289 1177 1331 ὅντινά
1203 1305 1278 1343 μοι
1304 1289 1522 1343 δοκοῦμεν

174 1358 291 1415 ἔχειν
322 1362 488 1415 τρόπον
516 1361 626 1414 πρὸς
651 1361 771 1402 αὐτά.
817 1358 909 1402 ἔστι
936 1362 988 1415 δὴ
1015 1361 1068 1402 τά
1093 1359 1133 1414 γ’
1166 1359 1261 1414 ἐμοὶ
1289 1361 1522 1412 δοκοῦντα,

173 1434 458 1485 ψηφίσασθαι
490 1429 571 1486 μὲν
604 1433 684 1485 ἤδη
718 1432 798 1485 τὴν
828 1433 1060 1485 βοήθειαν,
1092 1430 1164 1472 καὶ
1193 1431 1522 1486 παρασκευάσα-

175 1506 283 1544 σθαι
320 1503 400 1557 τὴν
437 1504 646 1557 ταχίστην
685 1502 801 1552 ὅπως
839 1502 1023 1545 ἐνθένδε
1057 1504 1303 1557 βοηθήσετε
1340 1500 1429 1557 (καὶ
1466 1502 1523 1555 μὴ
1545 1518 1579 1544 20

173 1574 343 1628 πάθητε
370 1574 533 1615 ταύτὸν
559 1574 664 1628 ὅπερ
692 1574 763 1615 καὶ
789 1572 1038 1629 πρότερον),
1064 1575 1301 1627 πρεσβείαν
1328 1570 1375 1614 δὲ
1401 1573 1519 1628 πέμ-ξ

133 1656 153 1687 3
173 1661 286 1699 πειν,
318 1646 412 1699 ἥτις
444 1644 563 1687 ταῦτ’
597 1645 685 1699 ε’ρεῖ
716 1646 787 1687 καὶ
813 1645 1024 1700 παρέσται
1049 1652 1141 1695 τοῖς
1166 1645 1436 1699 πράγμασιν·
1466 1645 1524 1694 ὡς
1545 1647 1595 1683 10

173 1714 266 1758 ἔστι
292 1717 477 1769 μάλιστα
509 1722 639 1758 τοῦτο
670 1716 787 1769 δέος,
819 1718 877 1771 μὴ
909 1723 1161 1770 πανοῦργος
1192 1717 1255 1758 ὢν
1280 1714 1352 1757 καὶ
1379 1715 1525 1764 δεινὸς

174 1788 414 1842 ἅνθρωπος
445 1788 668 1842 πράγμασι
701 1793 914 1842 χρῆσθαι,
948 1789 1001 1829 τὰ
1033 1785 1114 1842 μὲν
1146 1791 1291 1839 εἴκων,
1327 1785 1439 1841 ἡνίκ’
1471 1785 1527 1827 ἂν

173 1859 298 1914 τύχη,
318 1860 369 1900 τὰ
390 1856 428 1899 δ’
449 1858 641 1901 ἀπειλῶν
662 1858 931 1914 (ἀξιόπιστος
952 1857 990 1900 δ’
1012 1858 1066 1900 ἂν
1086 1860 1263 1908 εἰκότως
1284 1855 1525 1913 φαίνοιτο),
1545 1874 1578 1900 2⁵

176 1930 226 1971 τὰ
254 1927 292 1970 δ’
319 1931 428 1984 ἡμᾶς
456 1929 708 1984 διαβάλλων
733 1929 801 1972 καὶ
831 1932 911 1984 τὴν
937 1930 1156 1972 ἀπουσίαν
1188 1931 1270 1984 τὴν
1298 1927 1527 1983 ἡμετέραν,

174 2000 383 2054 τρέψηται
421 2000 492 2042 καὶ
530 2003 870 2056 παρασπάσηταί
904 2017 945 2043 τι
978 2009 1066 2043 τῶν
1100 2002 1216 2043 ὅλων
1248 2000 1526 2054 πραγμάτων·

133 2085 154 2115 4
176 2073 228 2114 οὐ
254 2073 342 2126 μὴν
367 2071 461 2114 ἀλλ’
487 2073 683 2122 ἐπιεικῶς
710 2070 741 2114 ὦ
769 2074 927 2126 ἄνδρες
953 2071 1179 2126 Ἀθηναῖοι
1206 2070 1335 2114 τοῦθ’
1366 2071 1389 2112 ὃ
1422 2071 1527 2112 δυσ-

176 2145 431 2198 μαχώτατόν
445 2143 536 2186 ἐστι
553 2151 641 2186 τῶν
659 2146 883 2186 Φιλίππου
906 2144 1186 2198 πραγμάτων,
1206 2143 1278 2184 καὶ
1297 2141 1526 2197 βέλτιστον

177 2214 300 2269 ὑμῖν·
326 2215 375 2257 τὸ
402 2216 484 2269 γὰρ
512 2211 625 2257 εἶναι
650 2216 828 2257 πάντων
849 2214 1018 2257 ἐκεῖνον
1043 2212 1104 2256 ἕν’
1130 2216 1237 2257 ὄντα
1261 2214 1429 2268 κύριον,
1454 2211 1525 2255 καὶ
1546 2230 1580 2256 ³0

1679 1682 1689 1738 λ
