<?xml version="1.0" encoding="UTF-8"?>
<!DOCTYPE html PUBLIC "-//W3C//DTD XHTML 1.0 Transitional//EN"
    "http://www.w3.org/TR/xhtml1/DTD/xhtml1-transitional.dtd">
<html xmlns="http://www.w3.org/1999/xhtml" xml:lang="en" lang="en">
 <head>
  <title>
</title>
<meta http-equiv="Content-Type" content="text/html;charset=utf-8" />
  <meta name='ocr-system' content='tesseract 3.04.00' />
  <meta name='ocr-capabilities' content='ocr_page ocr_carea ocr_par ocr_line ocrx_word'/>
</head>
<body>
  <div class='ocr_page' id='page_1' title='image "./demosthenisorati0101demouoft_0177.png"; bbox 0 0 1689 2531; ppageno 0'>
   <div class='ocr_carea' id='block_1_1' title="bbox 84 65 1425 112">
    <p class='ocr_par' dir='ltr' id='par_1_1' title="bbox 84 65 1425 112">
     <span class='ocr_line' id='line_1_1' title="bbox 84 65 1425 112; baseline -0.002 -11"><span class='ocrx_word' id='word_1_1' title='bbox 84 68 170 112; x_wconf 72' lang='lat' dir='ltr'><em>mv]</em></span> <span class='ocrx_word' id='word_1_2' title='bbox 477 68 593 100; x_wconf 80' lang='grc' dir='ltr'>ΠΕΡΙ</span> <span class='ocrx_word' id='word_1_3' title='bbox 617 65 715 99; x_wconf 74' lang='grc' dir='ltr'><em>ΤΩΝ</em></span> <span class='ocrx_word' id='word_1_4' title='bbox 741 67 1033 100; x_wconf 73' lang='grc' dir='ltr'>ΣΤΜΜΟΡΙΩΝ</span> <span class='ocrx_word' id='word_1_5' title='bbox 1345 66 1425 106; x_wconf 82' lang='lat'><em>171</em></span> 
     </span>
    </p>
   </div>
   <div class='ocr_carea' id='block_1_2' title="bbox 0 159 1434 2271">
    <p class='ocr_par' dir='ltr' id='par_1_2' title="bbox 81 159 1429 431">
     <span class='ocr_line' id='line_1_2' title="bbox 81 159 1427 216; baseline -0.001 -12"><span class='ocrx_word' id='word_1_6' title='bbox 81 162 299 215; x_wconf 79' lang='grc' dir='ltr'><em>ἀδικῶμεν</em></span> <span class='ocrx_word' id='word_1_7' title='bbox 325 162 472 216; x_wconf 86' lang='grc' dir='ltr'><em>αὐτόν,</em></span> <span class='ocrx_word' id='word_1_8' title='bbox 503 163 625 216; x_wconf 79' lang='grc' dir='ltr'><em>ἡμῶν</em></span> <span class='ocrx_word' id='word_1_9' title='bbox 651 160 777 204; x_wconf 78' lang='grc' dir='ltr'><em>ἕνεκα</em></span> <span class='ocrx_word' id='word_1_10' title='bbox 802 162 873 203; x_wconf 81' lang='grc' dir='ltr'><em>καὶ</em></span> <span class='ocrx_word' id='word_1_11' title='bbox 899 168 973 216; x_wconf 82' lang='grc' dir='ltr'><em>τῆς</em></span> <span class='ocrx_word' id='word_1_12' title='bbox 998 169 1086 204; x_wconf 87' lang='grc' dir='ltr'><em>τῶν</em></span> <span class='ocrx_word' id='word_1_13' title='bbox 1114 162 1259 204; x_wconf 76' lang='grc' dir='ltr'><em>ἄλλων</em></span> <span class='ocrx_word' id='word_1_14' title='bbox 1278 159 1427 215; x_wconf 80' lang='grc' dir='ltr'><em>Ἑλλη-</em></span> 
     </span>
     <span class='ocr_line' id='line_1_3' title="bbox 81 230 1429 288; baseline -0.001 -14"><span class='ocrx_word' id='word_1_15' title='bbox 81 249 173 274; x_wconf 93' lang='grc' dir='ltr'><em>νων</em></span> <span class='ocrx_word' id='word_1_16' title='bbox 206 239 392 288; x_wconf 81' lang='grc' dir='ltr'><em>ταραχῆς</em></span> <span class='ocrx_word' id='word_1_17' title='bbox 426 233 498 274; x_wconf 80' lang='grc' dir='ltr'><em>καὶ</em></span> <span class='ocrx_word' id='word_1_18' title='bbox 533 231 750 282; x_wconf 80' lang='grc' dir='ltr'><em>ἀπιστίας·</em></span> <span class='ocrx_word' id='word_1_19' title='bbox 789 231 881 275; x_wconf 78' lang='grc' dir='ltr'><em>ἐπεὶ</em></span> <span class='ocrx_word' id='word_1_20' title='bbox 917 233 957 274; x_wconf 84' lang='grc' dir='ltr'><em>εἴ</em></span> <span class='ocrx_word' id='word_1_21' title='bbox 988 230 1027 287; x_wconf 88' lang='grc' dir='ltr'><em>γ’</em></span> <span class='ocrx_word' id='word_1_22' title='bbox 1060 233 1349 286; x_wconf 80' lang='grc' dir='ltr'><em>ὁμοθυμαδὸν</em></span> <span class='ocrx_word' id='word_1_23' title='bbox 1373 230 1429 286; x_wconf 73' lang='grc' dir='ltr'><em>’ἧν</em></span> 
     </span>
     <span class='ocr_line' id='line_1_4' title="bbox 81 302 1428 360; baseline 0 -15"><span class='ocrx_word' id='word_1_24' title='bbox 81 304 187 356; x_wconf 82' lang='grc' dir='ltr'><em>μετὰ</em></span> <span class='ocrx_word' id='word_1_25' title='bbox 211 304 389 345; x_wconf 78' lang='grc' dir='ltr'><em>πάντων</em></span> <span class='ocrx_word' id='word_1_26' title='bbox 412 302 648 345; x_wconf 80' lang='grc' dir='ltr'><em>ἐπιθέσθαι</em></span> <span class='ocrx_word' id='word_1_27' title='bbox 667 305 800 360; x_wconf 77' lang='grc' dir='ltr'><em>μόνῳ,</em></span> <span class='ocrx_word' id='word_1_28' title='bbox 825 302 917 346; x_wconf 86' lang='grc' dir='ltr'><em>οὐδ’</em></span> <span class='ocrx_word' id='word_1_29' title='bbox 944 304 1111 346; x_wconf 82' lang='grc' dir='ltr'><em>ἀδικεῖν</em></span> <span class='ocrx_word' id='word_1_30' title='bbox 1130 305 1239 358; x_wconf 79' lang='grc' dir='ltr'><em>ἡμᾶς</em></span> <span class='ocrx_word' id='word_1_31' title='bbox 1260 302 1428 345; x_wconf 80' lang='grc' dir='ltr'><em>ἐκεῖνον</em></span> 
     </span>
     <span class='ocr_line' id='line_1_5' title="bbox 81 372 1429 431; baseline 0 -15"><span class='ocrx_word' id='word_1_32' title='bbox 81 372 251 428; x_wconf 84' lang='grc' dir='ltr'><em>ἀδίκημ’</em></span> <span class='ocrx_word' id='word_1_33' title='bbox 285 373 339 416; x_wconf 77' lang='grc' dir='ltr'><em>ἂν</em></span> <span class='ocrx_word' id='word_1_34' title='bbox 365 372 514 428; x_wconf 76' lang='grc' dir='ltr'><em>ἔθηκα.</em></span> <span class='ocrx_word' id='word_1_35' title='bbox 556 372 704 429; x_wconf 77' lang='grc' dir='ltr'><em>ἐπειδὴ</em></span> <span class='ocrx_word' id='word_1_36' title='bbox 731 375 779 416; x_wconf 81' lang='grc' dir='ltr'><em>δὲ</em></span> <span class='ocrx_word' id='word_1_37' title='bbox 805 372 920 416; x_wconf 88' lang='grc' dir='ltr'><em>τοῦτ’</em></span> <span class='ocrx_word' id='word_1_38' title='bbox 953 375 1032 431; x_wconf 88' lang='grc' dir='ltr'><em>οὐχ</em></span> <span class='ocrx_word' id='word_1_39' title='bbox 1059 374 1195 424; x_wconf 80' lang='grc' dir='ltr'><em>οὕτως</em></span> <span class='ocrx_word' id='word_1_40' title='bbox 1222 373 1321 430; x_wconf 80' lang='grc' dir='ltr'><em>ἔχει,</em></span> <span class='ocrx_word' id='word_1_41' title='bbox 1346 391 1429 429; x_wconf 83' lang='grc' dir='ltr'><em>φυ-</em></span> 
     </span>
    </p>

    <p class='ocr_par' dir='ltr' id='par_1_3' title="bbox 0 445 1434 2271">
     <span class='ocr_line' id='line_1_6' title="bbox 44 445 1429 500; baseline 0 -13"><span class='ocrx_word' id='word_1_42' title='bbox 44 465 60 491; x_wconf 85' lang='lat'><strong>5</strong></span> <span class='ocrx_word' id='word_1_43' title='bbox 81 445 319 487; x_wconf 83' lang='grc' dir='ltr'><em>λάττεσθαί</em></span> <span class='ocrx_word' id='word_1_44' title='bbox 342 461 452 500; x_wconf 84' lang='grc' dir='ltr'><em>φημι</em></span> <span class='ocrx_word' id='word_1_45' title='bbox 479 446 573 487; x_wconf 87' lang='grc' dir='ltr'><em>δεῖν</em></span> <span class='ocrx_word' id='word_1_46' title='bbox 599 446 655 500; x_wconf 88' lang='grc' dir='ltr'><em>μὴ</em></span> <span class='ocrx_word' id='word_1_47' title='bbox 675 446 901 500; x_wconf 83' lang='grc' dir='ltr'><em>πρόφασιν</em></span> <span class='ocrx_word' id='word_1_48' title='bbox 927 447 1070 498; x_wconf 85' lang='grc' dir='ltr'><em>δῶμεν</em></span> <span class='ocrx_word' id='word_1_49' title='bbox 1089 448 1260 500; x_wconf 89' lang='grc' dir='ltr'><em>βασιλεῖ</em></span> <span class='ocrx_word' id='word_1_50' title='bbox 1279 452 1357 487; x_wconf 87' lang='grc' dir='ltr'><em>τοῦ</em></span> <span class='ocrx_word' id='word_1_51' title='bbox 1378 447 1429 487; x_wconf 86' lang='grc' dir='ltr'><em>τὰ</em></span> 
     </span>
     <span class='ocr_line' id='line_1_7' title="bbox 81 513 1429 572; baseline 0 -14"><span class='ocrx_word' id='word_1_52' title='bbox 81 513 210 558; x_wconf 88' lang='grc' dir='ltr'><em>δίκαι’</em></span> <span class='ocrx_word' id='word_1_53' title='bbox 241 516 349 570; x_wconf 80' lang='grc' dir='ltr'><em>ὑπὲρ</em></span> <span class='ocrx_word' id='word_1_54' title='bbox 381 523 470 558; x_wconf 87' lang='grc' dir='ltr'><em>τῶν</em></span> <span class='ocrx_word' id='word_1_55' title='bbox 507 517 652 558; x_wconf 77' lang='grc' dir='ltr'><em>ἄλλων</em></span> <span class='ocrx_word' id='word_1_56' title='bbox 677 514 899 570; x_wconf 80' lang='grc' dir='ltr'><em>Ἑλλήνων</em></span> <span class='ocrx_word' id='word_1_57' title='bbox 937 519 1094 570; x_wconf 80' lang='grc' dir='ltr'><em>ζητεῖν·</em></span> <span class='ocrx_word' id='word_1_58' title='bbox 1131 517 1318 572; x_wconf 79' lang='grc' dir='ltr'><em>ἡσυχίαν</em></span> <span class='ocrx_word' id='word_1_59' title='bbox 1349 517 1429 569; x_wconf 84' lang='grc' dir='ltr'><em>μὲν</em></span> 
     </span>
     <span class='ocr_line' id='line_1_8' title="bbox 80 585 1430 642; baseline 0.001 -14"><span class='ocrx_word' id='word_1_60' title='bbox 80 587 162 641; x_wconf 87' lang='grc' dir='ltr'><em>γὰρ</em></span> <span class='ocrx_word' id='word_1_61' title='bbox 190 585 380 642; x_wconf 80' lang='grc' dir='ltr'><em>ἐχόντων</em></span> <span class='ocrx_word' id='word_1_62' title='bbox 405 587 529 640; x_wconf 84' lang='grc' dir='ltr'><em>ὑμῶν</em></span> <span class='ocrx_word' id='word_1_63' title='bbox 553 586 746 637; x_wconf 75' lang='grc' dir='ltr'><em>ὕποπτος</em></span> <span class='ocrx_word' id='word_1_64' title='bbox 773 586 827 628; x_wconf 79' lang='grc' dir='ltr'><em>ἂν</em></span> <span class='ocrx_word' id='word_1_65' title='bbox 848 588 911 641; x_wconf 84' lang='grc' dir='ltr'><em>εἴη</em></span> <span class='ocrx_word' id='word_1_66' title='bbox 933 588 1137 629; x_wconf 89' lang='grc' dir='ltr'><em>τοιοῦτόν</em></span> <span class='ocrx_word' id='word_1_67' title='bbox 1155 603 1196 629; x_wconf 92' lang='grc' dir='ltr'><em>τι</em></span> <span class='ocrx_word' id='word_1_68' title='bbox 1217 588 1430 642; x_wconf 79' lang='grc' dir='ltr'><em>πράττων,</em></span> 
     </span>
     <span class='ocr_line' id='line_1_9' title="bbox 80 657 1429 712; baseline 0 -13"><span class='ocrx_word' id='word_1_69' title='bbox 80 659 272 711; x_wconf 91' lang='grc' dir='ltr'><em>πόλεμον</em></span> <span class='ocrx_word' id='word_1_70' title='bbox 303 658 351 699; x_wconf 81' lang='grc' dir='ltr'><em>δὲ</em></span> <span class='ocrx_word' id='word_1_71' title='bbox 382 657 688 712; x_wconf 82' lang='grc' dir='ltr'><em>ποιησαμένων</em></span> <span class='ocrx_word' id='word_1_72' title='bbox 724 658 949 712; x_wconf 77' lang='grc' dir='ltr'><em>προτέρων</em></span> <span class='ocrx_word' id='word_1_73' title='bbox 981 659 1154 708; x_wconf 85' lang='grc' dir='ltr'><em>εἰκότως</em></span> <span class='ocrx_word' id='word_1_74' title='bbox 1193 657 1248 699; x_wconf 79' lang='grc' dir='ltr'><em>ἂν</em></span> <span class='ocrx_word' id='word_1_75' title='bbox 1280 659 1429 712; x_wconf 87' lang='grc' dir='ltr'><em>δοκοίη</em></span> 
     </span>
     <span class='ocr_line' id='line_1_10' title="bbox 81 725 1430 784; baseline 0.001 -14"><span class='ocrx_word' id='word_1_76' title='bbox 81 729 154 770; x_wconf 81' lang='grc' dir='ltr'><em>διὰ</em></span> <span class='ocrx_word' id='word_1_77' title='bbox 179 729 260 784; x_wconf 87' lang='grc' dir='ltr'><em>τὴν</em></span> <span class='ocrx_word' id='word_1_78' title='bbox 285 730 392 783; x_wconf 90' lang='grc' dir='ltr'><em>πρὸς</em></span> <span class='ocrx_word' id='word_1_79' title='bbox 419 728 528 781; x_wconf 82' lang='grc' dir='ltr'><em>ὑμᾶς</em></span> <span class='ocrx_word' id='word_1_80' title='bbox 557 727 723 784; x_wconf 78' lang='grc' dir='ltr'><em>ἔχθραν</em></span> <span class='ocrx_word' id='word_1_81' title='bbox 748 736 839 778; x_wconf 88' lang='grc' dir='ltr'><em>τοῖς</em></span> <span class='ocrx_word' id='word_1_82' title='bbox 865 730 1012 779; x_wconf 79' lang='grc' dir='ltr'><em>ἄλλοις</em></span> <span class='ocrx_word' id='word_1_83' title='bbox 1040 731 1166 783; x_wconf 80' lang='grc' dir='ltr'><em>φίλος</em></span> <span class='ocrx_word' id='word_1_84' title='bbox 1193 725 1306 771; x_wconf 80' lang='grc' dir='ltr'><em>εἶναι</em></span> <span class='ocrx_word' id='word_1_85' title='bbox 1326 729 1430 783; x_wconf 88' lang='grc' dir='ltr'><em>βού-</em></span> 
     </span>
     <span class='ocr_line' id='line_1_11' title="bbox 28 796 1430 855; baseline 0 -15"><span class='ocrx_word' id='word_1_86' title='bbox 28 820 62 845; x_wconf 88' lang='lat'><em>10</em></span> <span class='ocrx_word' id='word_1_87' title='bbox 82 802 248 841; x_wconf 88' lang='grc' dir='ltr'><em>λεσθαι.</em></span> <span class='ocrx_word' id='word_1_88' title='bbox 281 800 337 855; x_wconf 85' lang='grc' dir='ltr'><em>μὴ</em></span> <span class='ocrx_word' id='word_1_89' title='bbox 365 796 447 841; x_wconf 80' lang='grc' dir='ltr'><em>οὖν</em></span> <span class='ocrx_word' id='word_1_90' title='bbox 474 798 717 854; x_wconf 72' lang='grc' dir='ltr'><em>ἐξελέγξηθ’</em></span> <span class='ocrx_word' id='word_1_91' title='bbox 750 801 806 850; x_wconf 86' lang='grc' dir='ltr'><em>ὡς</em></span> <span class='ocrx_word' id='word_1_92' title='bbox 832 807 971 849; x_wconf 83' lang='grc' dir='ltr'><em>κακῶς</em></span> <span class='ocrx_word' id='word_1_93' title='bbox 1003 798 1089 855; x_wconf 78' lang='grc' dir='ltr'><em>ἔχει</em></span> <span class='ocrx_word' id='word_1_94' title='bbox 1115 801 1167 841; x_wconf 80' lang='grc' dir='ltr'><em>τὰ</em></span> <span class='ocrx_word' id='word_1_95' title='bbox 1187 798 1430 854; x_wconf 77' lang='grc' dir='ltr'><em>Ἑλληνικά,</em></span> 
     </span>
     <span class='ocr_line' id='line_1_12' title="bbox 82 868 1428 925; baseline 0 -14"><span class='ocrx_word' id='word_1_96' title='bbox 82 873 401 924; x_wconf 79' lang='grc' dir='ltr'><em>συγκαλοῦντες</em></span> <span class='ocrx_word' id='word_1_97' title='bbox 429 870 490 912; x_wconf 77' lang='grc' dir='ltr'><em>ὅτ’</em></span> <span class='ocrx_word' id='word_1_98' title='bbox 521 870 573 912; x_wconf 83' lang='grc' dir='ltr'><em>οὐ</em></span> <span class='ocrx_word' id='word_1_99' title='bbox 600 872 838 925; x_wconf 88' lang='grc' dir='ltr'><em>πείσονται,</em></span> <span class='ocrx_word' id='word_1_100' title='bbox 869 871 940 912; x_wconf 85' lang='grc' dir='ltr'><em>καὶ</em></span> <span class='ocrx_word' id='word_1_101' title='bbox 966 874 1257 923; x_wconf 86' lang='grc' dir='ltr'><em>πολεμοῦντες</em></span> <span class='ocrx_word' id='word_1_102' title='bbox 1284 868 1343 913; x_wconf 81' lang='grc' dir='ltr'><em>ὅτ’</em></span> <span class='ocrx_word' id='word_1_103' title='bbox 1376 871 1428 912; x_wconf 84' lang='grc' dir='ltr'><em>οὐ</em></span> 
     </span>
     <span class='ocr_line' id='line_1_13' title="bbox 82 938 1430 996; baseline 0.001 -14"><span class='ocrx_word' id='word_1_104' title='bbox 82 942 348 995; x_wconf 83' lang='grc' dir='ltr'><em>δυνήσεσθε·</em></span> <span class='ocrx_word' id='word_1_105' title='bbox 391 938 483 982; x_wconf 88' lang='grc' dir='ltr'><em>ἀλλ’</em></span> <span class='ocrx_word' id='word_1_106' title='bbox 522 938 637 995; x_wconf 77' lang='grc' dir='ltr'><em>ἔχεθ’</em></span> <span class='ocrx_word' id='word_1_107' title='bbox 667 941 855 996; x_wconf 84' lang='grc' dir='ltr'><em>ἡσυχίαν</em></span> <span class='ocrx_word' id='word_1_108' title='bbox 887 945 1160 995; x_wconf 74' lang='grc' dir='ltr'><em>θαρροῦντες</em></span> <span class='ocrx_word' id='word_1_109' title='bbox 1191 942 1261 983; x_wconf 82' lang='grc' dir='ltr'><em>καὶ</em></span> <span class='ocrx_word' id='word_1_110' title='bbox 1294 956 1430 995; x_wconf 91' lang='grc' dir='ltr'><em>παρα-</em></span> 
     </span>
     <span class='ocr_line' id='line_1_14' title="bbox 83 1010 1426 1066; baseline 0 -13"><span class='ocrx_word' id='word_1_111' title='bbox 83 1013 400 1066; x_wconf 82' lang='grc' dir='ltr'><em>σκευαζόμενοι,</em></span> <span class='ocrx_word' id='word_1_112' title='bbox 414 1012 484 1053; x_wconf 80' lang='grc' dir='ltr'><em>καὶ</em></span> <span class='ocrx_word' id='word_1_113' title='bbox 498 1010 707 1065; x_wconf 85' lang='grc' dir='ltr'><em>βούλεσθ’</em></span> <span class='ocrx_word' id='word_1_114' title='bbox 717 1012 1068 1066; x_wconf 88' lang='grc' dir='ltr'><em>ἀπαγγέλλεσθαι</em></span> <span class='ocrx_word' id='word_1_115' title='bbox 1083 1012 1162 1064; x_wconf 76' lang='grc' dir='ltr'><em>μὲν</em></span> <span class='ocrx_word' id='word_1_116' title='bbox 1176 1013 1274 1066; x_wconf 81' lang='grc' dir='ltr'><em>περὶ</em></span> <span class='ocrx_word' id='word_1_117' title='bbox 1290 1012 1426 1065; x_wconf 61' lang='grc' dir='ltr'><em>ὑμῶνᾙ</em></span> 
     </span>
     <span class='ocr_line' id='line_1_15' title="bbox 0 1080 1426 1137; baseline -0.001 -12"><span class='ocrx_word' id='word_1_118' title='bbox 0 1088 60 1125; x_wconf 78' lang='grc'><em>’.89</em></span> <span class='ocrx_word' id='word_1_119' title='bbox 79 1083 187 1137; x_wconf 87' lang='grc' dir='ltr'><em>πρὸς</em></span> <span class='ocrx_word' id='word_1_120' title='bbox 212 1082 410 1136; x_wconf 84' lang='grc' dir='ltr'><em>βασιλέα,</em></span> <span class='ocrx_word' id='word_1_121' title='bbox 442 1083 498 1137; x_wconf 84' lang='grc' dir='ltr'><em>μὴ</em></span> <span class='ocrx_word' id='word_1_122' title='bbox 530 1083 589 1134; x_wconf 79' lang='grc' dir='ltr'><em>μὰ</em></span> <span class='ocrx_word' id='word_1_123' title='bbox 615 1080 692 1124; x_wconf 84' lang='grc' dir='ltr'><em>Δί’</em></span> <span class='ocrx_word' id='word_1_124' title='bbox 725 1083 780 1131; x_wconf 85' lang='grc' dir='ltr'><em>ὡς</em></span> <span class='ocrx_word' id='word_1_125' title='bbox 808 1082 1051 1136; x_wconf 86' lang='grc' dir='ltr'><em>ἀποροῦσιν</em></span> <span class='ocrx_word' id='word_1_126' title='bbox 1076 1082 1101 1134; x_wconf 75' lang='grc' dir='ltr'>ἢ</span> <span class='ocrx_word' id='word_1_127' title='bbox 1130 1085 1375 1136; x_wconf 82' lang='grc' dir='ltr'><em>φοβοῦνται</em></span> <span class='ocrx_word' id='word_1_128' title='bbox 1402 1083 1426 1137; x_wconf 73' lang='grc' dir='ltr'>ἢ</span> 
     </span>
     <span class='ocr_line' id='line_1_16' title="bbox 29 1151 1429 1208; baseline 0.001 -14"><span class='ocrx_word' id='word_1_129' title='bbox 29 1173 61 1199; x_wconf 77' lang='lat'><em>15</em></span> <span class='ocrx_word' id='word_1_130' title='bbox 80 1155 382 1208; x_wconf 87' lang='grc' dir='ltr'><em>θορυβοῦνται</em></span> <span class='ocrx_word' id='word_1_131' title='bbox 408 1153 564 1202; x_wconf 78' lang='grc' dir='ltr'><em>πάντες</em></span> <span class='ocrx_word' id='word_1_132' title='bbox 592 1153 651 1208; x_wconf 82' lang='grc' dir='ltr'><em>[οἱ</em></span> <span class='ocrx_word' id='word_1_133' title='bbox 670 1151 874 1206; x_wconf 68' lang='grc' dir='ltr'><em>’Έλληνες</em></span> <span class='ocrx_word' id='word_1_134' title='bbox 901 1151 1239 1208; x_wconf 84' lang='grc' dir='ltr'><em>καὶΆθηναῐοι],</em></span> <span class='ocrx_word' id='word_1_135' title='bbox 1264 1157 1429 1195; x_wconf 91' lang='grc' dir='ltr'><em>πολλοῦ</em></span> 
     </span>
     <span class='ocr_line' id='line_1_17' title="bbox 80 1222 1428 1279; baseline 0 -13"><span class='ocrx_word' id='word_1_136' title='bbox 80 1240 130 1278; x_wconf 94' lang='grc' dir='ltr'><em>γε</em></span> <span class='ocrx_word' id='word_1_137' title='bbox 166 1225 238 1266; x_wconf 82' lang='grc' dir='ltr'><em>καὶ</em></span> <span class='ocrx_word' id='word_1_138' title='bbox 270 1225 348 1279; x_wconf 89' lang='grc' dir='ltr'><em>δεῖ,</em></span> <span class='ocrx_word' id='word_1_139' title='bbox 385 1222 477 1266; x_wconf 87' lang='grc' dir='ltr'><em>ἀλλ’</em></span> <span class='ocrx_word' id='word_1_140' title='bbox 517 1225 595 1278; x_wconf 84' lang='grc' dir='ltr'><em>ὅτι,</em></span> <span class='ocrx_word' id='word_1_141' title='bbox 631 1225 666 1266; x_wconf 83' lang='grc' dir='ltr'><em>εἰ</em></span> <span class='ocrx_word' id='word_1_142' title='bbox 708 1225 788 1276; x_wconf 77' lang='grc' dir='ltr'><em>μὲν</em></span> <span class='ocrx_word' id='word_1_143' title='bbox 821 1225 877 1278; x_wconf 84' lang='grc' dir='ltr'><em>μὴ</em></span> <span class='ocrx_word' id='word_1_144' title='bbox 915 1231 1003 1273; x_wconf 86' lang='grc' dir='ltr'><em>τοῖς</em></span> <span class='ocrx_word' id='word_1_145' title='bbox 1029 1222 1236 1278; x_wconf 83' lang='grc' dir='ltr'><em>ΓἘλλησιν</em></span> <span class='ocrx_word' id='word_1_146' title='bbox 1272 1224 1428 1276; x_wconf 86' lang='grc' dir='ltr'><em>ὁμοίως</em></span> 
     </span>
     <span class='ocr_line' id='line_1_18' title="bbox 81 1292 1429 1351; baseline 0 -15"><span class='ocrx_word' id='word_1_147' title='bbox 81 1296 262 1350; x_wconf 88' lang='grc' dir='ltr'><em>αἰσχρὸν</em></span> <span class='ocrx_word' id='word_1_148' title='bbox 282 1292 336 1349; x_wconf 77' lang='grc' dir='ltr'><em>ἦν</em></span> <span class='ocrx_word' id='word_1_149' title='bbox 355 1296 404 1336; x_wconf 88' lang='grc' dir='ltr'><em>τὸ</em></span> <span class='ocrx_word' id='word_1_150' title='bbox 423 1295 668 1345; x_wconf 79' lang='grc' dir='ltr'><em>ψεύδεσθαι</em></span> <span class='ocrx_word' id='word_1_151' title='bbox 689 1296 759 1336; x_wconf 77' lang='grc' dir='ltr'><em>καὶ</em></span> <span class='ocrx_word' id='word_1_152' title='bbox 781 1293 1000 1348; x_wconf 81' lang='grc' dir='ltr'><em>ἐπιορκεῖν</em></span> <span class='ocrx_word' id='word_1_153' title='bbox 1020 1296 1163 1349; x_wconf 85' lang='grc' dir='ltr'><em>ὥσπερ</em></span> <span class='ocrx_word' id='word_1_154' title='bbox 1186 1293 1335 1351; x_wconf 80' lang='grc' dir='ltr'><em>ἐκείνῳ</em></span> <span class='ocrx_word' id='word_1_155' title='bbox 1356 1312 1429 1337; x_wconf 86' lang='grc' dir='ltr'><em>κα-</em></span> 
     </span>
     <span class='ocr_line' id='line_1_19' title="bbox 82 1363 1428 1421; baseline 0 -13"><span class='ocrx_word' id='word_1_156' title='bbox 82 1367 173 1421; x_wconf 88' lang='grc' dir='ltr'><em>λόν,</em></span> <span class='ocrx_word' id='word_1_157' title='bbox 197 1366 329 1408; x_wconf 81' lang='grc' dir='ltr'><em>πάλαι</em></span> <span class='ocrx_word' id='word_1_158' title='bbox 356 1365 410 1407; x_wconf 77' lang='grc' dir='ltr'><em>ἂν</em></span> <span class='ocrx_word' id='word_1_159' title='bbox 437 1363 498 1407; x_wconf 80' lang='grc' dir='ltr'><em>ἐπ’</em></span> <span class='ocrx_word' id='word_1_160' title='bbox 525 1366 660 1407; x_wconf 83' lang='grc' dir='ltr'><em>αὐτὸν</em></span> <span class='ocrx_word' id='word_1_161' title='bbox 680 1366 800 1417; x_wconf 78' lang='grc' dir='ltr'><em>ὑμεῖς</em></span> <span class='ocrx_word' id='word_1_162' title='bbox 822 1364 1100 1420; x_wconf 81' lang='grc' dir='ltr'><em>ἐπορεύεσθε,</em></span> <span class='ocrx_word' id='word_1_163' title='bbox 1124 1372 1210 1407; x_wconf 91' lang='grc' dir='ltr'><em>νῦν</em></span> <span class='ocrx_word' id='word_1_164' title='bbox 1231 1366 1279 1407; x_wconf 80' lang='grc' dir='ltr'><em>δὲ</em></span> <span class='ocrx_word' id='word_1_165' title='bbox 1298 1372 1428 1408; x_wconf 90' lang='grc' dir='ltr'><em>τοῦτο</em></span> 
     </span>
     <span class='ocr_line' id='line_1_20' title="bbox 81 1434 1429 1491; baseline -0.001 -13"><span class='ocrx_word' id='word_1_166' title='bbox 81 1436 161 1489; x_wconf 83' lang='grc' dir='ltr'><em>μὲν</em></span> <span class='ocrx_word' id='word_1_167' title='bbox 195 1436 275 1478; x_wconf 87' lang='grc' dir='ltr'><em>οὐκ</em></span> <span class='ocrx_word' id='word_1_168' title='bbox 308 1436 362 1478; x_wconf 79' lang='grc' dir='ltr'><em>ἂν</em></span> <span class='ocrx_word' id='word_1_169' title='bbox 393 1438 635 1491; x_wconf 80' lang='grc' dir='ltr'><em>ποιήσαιτε,</em></span> <span class='ocrx_word' id='word_1_170' title='bbox 670 1437 790 1488; x_wconf 79' lang='grc' dir='ltr'><em>ὑμῶν</em></span> <span class='ocrx_word' id='word_1_171' title='bbox 822 1434 930 1477; x_wconf 81' lang='grc' dir='ltr'><em>ἕνεκ’</em></span> <span class='ocrx_word' id='word_1_172' title='bbox 969 1436 1133 1491; x_wconf 82' lang='grc' dir='ltr'><em>αὐτῶν,</em></span> <span class='ocrx_word' id='word_1_173' title='bbox 1165 1437 1349 1491; x_wconf 71' lang='grc' dir='ltr'><em>εὔχεσθε</em></span> <span class='ocrx_word' id='word_1_174' title='bbox 1382 1437 1429 1478; x_wconf 83' lang='grc' dir='ltr'><em>δὲ</em></span> 
     </span>
     <span class='ocr_line' id='line_1_21' title="bbox 31 1506 1431 1562; baseline 0 -14"><span class='ocrx_word' id='word_1_175' title='bbox 31 1527 64 1552; x_wconf 79' lang='lat'><em>20</em></span> <span class='ocrx_word' id='word_1_176' title='bbox 83 1513 188 1549; x_wconf 87' lang='grc' dir='ltr'><em>πᾶσι</em></span> <span class='ocrx_word' id='word_1_177' title='bbox 222 1515 312 1557; x_wconf 88' lang='grc' dir='ltr'><em>τοῖς</em></span> <span class='ocrx_word' id='word_1_178' title='bbox 347 1512 468 1557; x_wconf 87' lang='grc' dir='ltr'><em>θεοῖς</em></span> <span class='ocrx_word' id='word_1_179' title='bbox 504 1508 584 1561; x_wconf 82' lang='grc' dir='ltr'><em>τὴν</em></span> <span class='ocrx_word' id='word_1_180' title='bbox 619 1507 757 1562; x_wconf 78' lang='grc' dir='ltr'><em>αὐτὴν</em></span> <span class='ocrx_word' id='word_1_181' title='bbox 796 1509 946 1560; x_wconf 86' lang='grc' dir='ltr'><em>λαβεῖν</em></span> <span class='ocrx_word' id='word_1_182' title='bbox 981 1507 1227 1560; x_wconf 78' lang='grc' dir='ltr'><em>παράνοιαν</em></span> <span class='ocrx_word' id='word_1_183' title='bbox 1263 1506 1431 1549; x_wconf 86' lang='grc' dir='ltr'><em>ἐκεῖνον</em></span> 
     </span>
     <span class='ocr_line' id='line_1_22' title="bbox 82 1576 1431 1636; baseline 0 -16"><span class='ocrx_word' id='word_1_184' title='bbox 82 1578 217 1633; x_wconf 75' lang='grc' dir='ltr'><em>’ἥνπερ</em></span> <span class='ocrx_word' id='word_1_185' title='bbox 254 1579 357 1620; x_wconf 80' lang='grc' dir='ltr'><em>ποτὲ</em></span> <span class='ocrx_word' id='word_1_186' title='bbox 389 1580 489 1627; x_wconf 80' lang='grc' dir='ltr'><em>τοὺς</em></span> <span class='ocrx_word' id='word_1_187' title='bbox 522 1580 767 1632; x_wconf 71' lang='grc' dir='ltr'><em>προγόνους</em></span> <span class='ocrx_word' id='word_1_188' title='bbox 800 1578 947 1619; x_wconf 87' lang='grc' dir='ltr'><em>αὐτοῦ.</em></span> <span class='ocrx_word' id='word_1_189' title='bbox 991 1578 1061 1619; x_wconf 86' lang='grc' dir='ltr'><em>καὶ</em></span> <span class='ocrx_word' id='word_1_190' title='bbox 1096 1576 1214 1619; x_wconf 86' lang='grc' dir='ltr'><em>ταῦτ’</em></span> <span class='ocrx_word' id='word_1_191' title='bbox 1247 1577 1301 1619; x_wconf 77' lang='grc' dir='ltr'><em>ἒὶν</em></span> <span class='ocrx_word' id='word_1_192' title='bbox 1335 1577 1431 1636; x_wconf 81' lang='grc' dir='ltr'><em>ἐπίῃ</em></span> 
     </span>
     <span class='ocr_line' id='line_1_23' title="bbox 84 1648 1431 1706; baseline -0.001 -15"><span class='ocrx_word' id='word_1_193' title='bbox 84 1656 262 1691; x_wconf 86' lang='grc' dir='ltr'><em>σκοπεῖν</em></span> <span class='ocrx_word' id='word_1_194' title='bbox 288 1649 413 1706; x_wconf 79' lang='grc' dir='ltr'><em>αὐτῷ,</em></span> <span class='ocrx_word' id='word_1_195' title='bbox 438 1649 518 1690; x_wconf 83' lang='grc' dir='ltr'><em>οὐκ</em></span> <span class='ocrx_word' id='word_1_196' title='bbox 550 1649 769 1703; x_wconf 84' lang='grc' dir='ltr'><em>ὀλιγώρως</em></span> <span class='ocrx_word' id='word_1_197' title='bbox 796 1649 904 1701; x_wconf 75' lang='grc' dir='ltr'><em>ὑμᾶς</em></span> <span class='ocrx_word' id='word_1_198' title='bbox 931 1648 1279 1702; x_wconf 79' lang='grc' dir='ltr'><em>βουλευομένους</em></span> <span class='ocrx_word' id='word_1_199' title='bbox 1306 1650 1431 1703; x_wconf 82' lang='grc' dir='ltr'><em>εὑρή-</em></span> 
     </span>
     <span class='ocr_line' id='line_1_24' title="bbox 84 1718 1432 1774; baseline 0 -13"><span class='ocrx_word' id='word_1_200' title='bbox 84 1730 160 1762; x_wconf 91' lang='grc' dir='ltr'><em>σει.</em></span> <span class='ocrx_word' id='word_1_201' title='bbox 193 1718 239 1761; x_wconf 83' lang='grc' dir='ltr'><em>ἐκ</em></span> <span class='ocrx_word' id='word_1_202' title='bbox 264 1720 344 1772; x_wconf 88' lang='grc' dir='ltr'><em>μέν</em></span> <span class='ocrx_word' id='word_1_203' title='bbox 363 1735 412 1774; x_wconf 92' lang='grc' dir='ltr'><em>γε</em></span> <span class='ocrx_word' id='word_1_204' title='bbox 433 1728 520 1761; x_wconf 87' lang='grc' dir='ltr'><em>τῶν</em></span> <span class='ocrx_word' id='word_1_205' title='bbox 540 1721 646 1773; x_wconf 87' lang='grc' dir='ltr'><em>πρὸς</em></span> <span class='ocrx_word' id='word_1_206' title='bbox 663 1722 764 1769; x_wconf 82' lang='grc' dir='ltr'><em>τοὺς</em></span> <span class='ocrx_word' id='word_1_207' title='bbox 786 1718 942 1761; x_wconf 82' lang='grc' dir='ltr'><em>ἑαυτοῦ</em></span> <span class='ocrx_word' id='word_1_208' title='bbox 964 1721 1210 1774; x_wconf 84' lang='grc' dir='ltr'><em>προγόνους</em></span> <span class='ocrx_word' id='word_1_209' title='bbox 1231 1719 1432 1772; x_wconf 89' lang='grc' dir='ltr'><em>πολέμων</em></span> 
     </span>
     <span class='ocr_line' id='line_1_25' title="bbox 84 1790 1433 1845; baseline -0.001 -13"><span class='ocrx_word' id='word_1_210' title='bbox 84 1791 291 1832; x_wconf 89' lang='grc' dir='ltr'><em>σύνοιδεν</em></span> <span class='ocrx_word' id='word_1_211' title='bbox 310 1792 391 1845; x_wconf 85' lang='grc' dir='ltr'><em>τὴν</em></span> <span class='ocrx_word' id='word_1_212' title='bbox 411 1791 541 1832; x_wconf 90' lang='grc' dir='ltr'><em>πόλιν</em></span> <span class='ocrx_word' id='word_1_213' title='bbox 561 1790 798 1842; x_wconf 85' lang='grc' dir='ltr'><em>εὐδαίμονα</em></span> <span class='ocrx_word' id='word_1_214' title='bbox 818 1791 889 1831; x_wconf 83' lang='grc' dir='ltr'><em>καὶ</em></span> <span class='ocrx_word' id='word_1_215' title='bbox 909 1790 1101 1844; x_wconf 73' lang='grc' dir='ltr'><em>μεγάλην</em></span> <span class='ocrx_word' id='word_1_216' title='bbox 1126 1790 1433 1844; x_wconf 84' lang='grc' dir='ltr'><em>γεγενημένην,</em></span> 
     </span>
     <span class='ocr_line' id='line_1_26' title="bbox 34 1858 1433 1916; baseline -0.002 -11"><span class='ocrx_word' id='word_1_217' title='bbox 34 1880 67 1907; x_wconf 83' lang='lat'><em>25</em></span> <span class='ocrx_word' id='word_1_218' title='bbox 88 1859 133 1902; x_wconf 81' lang='grc' dir='ltr'><em>ἐκ</em></span> <span class='ocrx_word' id='word_1_219' title='bbox 166 1862 213 1903; x_wconf 80' lang='grc' dir='ltr'><em>δὲ</em></span> <span class='ocrx_word' id='word_1_220' title='bbox 244 1868 318 1916; x_wconf 78' lang='grc' dir='ltr'><em>τῆς</em></span> <span class='ocrx_word' id='word_1_221' title='bbox 351 1863 530 1916; x_wconf 69' lang='grc' dir='ltr'><em>ἡσυχίας</em></span> <span class='ocrx_word' id='word_1_222' title='bbox 562 1859 611 1915; x_wconf 80' lang='grc' dir='ltr'><em>ἧς</em></span> <span class='ocrx_word' id='word_1_223' title='bbox 643 1858 748 1915; x_wconf 82' lang='grc' dir='ltr'><em>ἧγέν</em></span> <span class='ocrx_word' id='word_1_224' title='bbox 779 1875 895 1915; x_wconf 88' lang='grc' dir='ltr'><em>ποτε,</em></span> <span class='ocrx_word' id='word_1_225' title='bbox 929 1861 1133 1913; x_wconf 83' lang='grc' dir='ltr'><em>οὐδεμιᾶς</em></span> <span class='ocrx_word' id='word_1_226' title='bbox 1168 1869 1257 1902; x_wconf 87' lang='grc' dir='ltr'><em>τῶν</em></span> <span class='ocrx_word' id='word_1_227' title='bbox 1289 1862 1433 1902; x_wconf 73' lang='grc' dir='ltr'><em>ἄλλων</em></span> 
     </span>
     <span class='ocr_line' id='line_1_27' title="bbox 79 1930 1431 1986; baseline -0.001 -12"><span class='ocrx_word' id='word_1_228' title='bbox 79 1930 349 1986; x_wconf 86' lang='grc' dir='ltr'><em>Ἑλληνίδων</em></span> <span class='ocrx_word' id='word_1_229' title='bbox 383 1934 553 1974; x_wconf 90' lang='grc' dir='ltr'><em>πόλεων</em></span> <span class='ocrx_word' id='word_1_230' title='bbox 590 1938 802 1974; x_wconf 88' lang='grc' dir='ltr'><em>τοσοῦτον</em></span> <span class='ocrx_word' id='word_1_231' title='bbox 836 1933 941 1973; x_wconf 86' lang='grc' dir='ltr'><em>ὅσον</em></span> <span class='ocrx_word' id='word_1_232' title='bbox 978 1938 1063 1973; x_wconf 90' lang='grc' dir='ltr'><em>νῦν</em></span> <span class='ocrx_word' id='word_1_233' title='bbox 1094 1932 1431 1985; x_wconf 76' lang='grc' dir='ltr'><em>ὑπεραίρουσαν.</em></span> 
     </span>
     <span class='ocr_line' id='line_1_28' title="bbox 85 2000 1432 2059; baseline 0 -15"><span class='ocrx_word' id='word_1_234' title='bbox 85 2004 156 2044; x_wconf 82' lang='grc' dir='ltr'><em>καὶ</em></span> <span class='ocrx_word' id='word_1_235' title='bbox 194 2004 280 2057; x_wconf 83' lang='grc' dir='ltr'><em>μὴν</em></span> <span class='ocrx_word' id='word_1_236' title='bbox 318 2003 389 2044; x_wconf 78' lang='grc' dir='ltr'><em>καὶ</em></span> <span class='ocrx_word' id='word_1_237' title='bbox 425 2005 527 2052; x_wconf 90' lang='grc' dir='ltr'><em>τοὺς</em></span> <span class='ocrx_word' id='word_1_238' title='bbox 550 2000 761 2056; x_wconf 66' lang='grc' dir='ltr'><em>’Έλληνας</em></span> <span class='ocrx_word' id='word_1_239' title='bbox 800 2003 880 2059; x_wconf 81' lang='grc' dir='ltr'><em>ὁρᾷ</em></span> <span class='ocrx_word' id='word_1_240' title='bbox 919 2002 1152 2055; x_wconf 86' lang='grc' dir='ltr'><em>δεομένους</em></span> <span class='ocrx_word' id='word_1_241' title='bbox 1187 2003 1282 2056; x_wconf 78' lang='grc' dir='ltr'><em>ἤτοι</em></span> <span class='ocrx_word' id='word_1_242' title='bbox 1315 2004 1432 2052; x_wconf 91' lang='grc' dir='ltr'><em>τινὸς</em></span> 
     </span>
     <span class='ocr_line' id='line_1_29' title="bbox 87 2070 1434 2128; baseline -0.001 -13"><span class='ocrx_word' id='word_1_243' title='bbox 87 2072 289 2115; x_wconf 83' lang='grc' dir='ltr'><em>ἑκουσίου</em></span> <span class='ocrx_word' id='word_1_244' title='bbox 328 2073 352 2127; x_wconf 77' lang='grc' dir='ltr'>ἢ</span> <span class='ocrx_word' id='word_1_245' title='bbox 387 2073 596 2115; x_wconf 86' lang='grc' dir='ltr'><em>ἀκουσίου</em></span> <span class='ocrx_word' id='word_1_246' title='bbox 632 2074 907 2128; x_wconf 84' lang='grc' dir='ltr'><em>διαλλακτοῦ,</em></span> <span class='ocrx_word' id='word_1_247' title='bbox 939 2079 1098 2115; x_wconf 88' lang='grc' dir='ltr'><em>τοῦτον</em></span> <span class='ocrx_word' id='word_1_248' title='bbox 1132 2070 1172 2114; x_wconf 87' lang='grc' dir='ltr'><em>δ’</em></span> <span class='ocrx_word' id='word_1_249' title='bbox 1211 2073 1347 2114; x_wconf 84' lang='grc' dir='ltr'><em>αὑτὸν</em></span> <span class='ocrx_word' id='word_1_250' title='bbox 1380 2073 1434 2114; x_wconf 76' lang='grc' dir='ltr'><em>ἂν</em></span> 
     </span>
     <span class='ocr_line' id='line_1_30' title="bbox 88 2140 1434 2198; baseline 0 -13"><span class='ocrx_word' id='word_1_251' title='bbox 88 2140 208 2185; x_wconf 88' lang='grc' dir='ltr'><em>οἶδεν</em></span> <span class='ocrx_word' id='word_1_252' title='bbox 236 2142 413 2198; x_wconf 77' lang='grc' dir='ltr'><em>φανέντ’</em></span> <span class='ocrx_word' id='word_1_253' title='bbox 440 2144 600 2198; x_wconf 85' lang='grc' dir='ltr'><em>αὐτοῖς,</em></span> <span class='ocrx_word' id='word_1_254' title='bbox 626 2146 661 2185; x_wconf 86' lang='grc' dir='ltr'><em>εἰ</em></span> <span class='ocrx_word' id='word_1_255' title='bbox 688 2146 878 2197; x_wconf 86' lang='grc' dir='ltr'><em>πόλεμον</em></span> <span class='ocrx_word' id='word_1_256' title='bbox 903 2146 1058 2198; x_wconf 89' lang='grc' dir='ltr'><em>κινοίη.</em></span> <span class='ocrx_word' id='word_1_257' title='bbox 1092 2145 1200 2185; x_wconf 87' lang='grc' dir='ltr'><em>ὥστε</em></span> <span class='ocrx_word' id='word_1_258' title='bbox 1226 2145 1296 2185; x_wconf 85' lang='grc' dir='ltr'><em>καὶ</em></span> <span class='ocrx_word' id='word_1_259' title='bbox 1323 2145 1434 2197; x_wconf 83' lang='grc' dir='ltr'><em>γνώ-</em></span> 
     </span>
     <span class='ocr_line' id='line_1_31' title="bbox 37 2213 1433 2271; baseline -0.001 -13"><span class='ocrx_word' id='word_1_260' title='bbox 37 2233 70 2258; x_wconf 80' lang='lat'><em>³0</em></span> <span class='ocrx_word' id='word_1_261' title='bbox 90 2229 194 2268; x_wconf 87' lang='grc' dir='ltr'><em>ριμα</em></span> <span class='ocrx_word' id='word_1_262' title='bbox 218 2215 290 2256; x_wconf 85' lang='grc' dir='ltr'><em>καὶ</em></span> <span class='ocrx_word' id='word_1_263' title='bbox 316 2213 429 2256; x_wconf 89' lang='grc' dir='ltr'><em>πίστ’</em></span> <span class='ocrx_word' id='word_1_264' title='bbox 457 2215 573 2271; x_wconf 83' lang='grc' dir='ltr'><em>αὐτῷ</em></span> <span class='ocrx_word' id='word_1_265' title='bbox 594 2222 682 2256; x_wconf 85' lang='grc' dir='ltr'><em>τῶν</em></span> <span class='ocrx_word' id='word_1_266' title='bbox 708 2214 1073 2269; x_wconf 88' lang='grc' dir='ltr'><em>ἀπαγγελλόντων</em></span> <span class='ocrx_word' id='word_1_267' title='bbox 1100 2214 1276 2256; x_wconf 84' lang='grc' dir='ltr'><em>ἀκούειν</em></span> <span class='ocrx_word' id='word_1_268' title='bbox 1304 2213 1433 2257; x_wconf 79' lang='grc' dir='ltr'><em>ἔσται.</em></span> 
     </span>
    </p>
   </div>
   <div class='ocr_carea' id='block_1_3' title="bbox 1456 243 1498 274">
    <p class='ocr_par' dir='ltr' id='par_1_4' title="bbox 1456 243 1498 274">
     <span class='ocr_line' id='line_1_32' title="bbox 1456 243 1498 274; baseline -0.024 0"><span class='ocrx_word' id='word_1_269' title='bbox 1456 243 1498 274; x_wconf 82' lang='grc'><em>37</em></span> 
     </span>
    </p>
   </div>
   <div class='ocr_carea' id='block_1_4' title="bbox 1457 811 1499 841">
    <p class='ocr_par' dir='ltr' id='par_1_5' title="bbox 1457 811 1499 841">
     <span class='ocr_line' id='line_1_33' title="bbox 1457 811 1499 841; baseline 0 0"><span class='ocrx_word' id='word_1_270' title='bbox 1457 811 1499 841; x_wconf 84' lang='grc'><em>38</em></span> 
     </span>
    </p>
   </div>
   <div class='ocr_carea' id='block_1_5' title="bbox 1456 1236 1499 1267">
    <p class='ocr_par' dir='ltr' id='par_1_6' title="bbox 1456 1236 1499 1267">
     <span class='ocr_line' id='line_1_34' title="bbox 1456 1236 1499 1267; baseline 0.047 -2"><span class='ocrx_word' id='word_1_271' title='bbox 1456 1238 1474 1265; x_wconf 82' lang='grc'><strong><em>3</em></strong></span> <span class='ocrx_word' id='word_1_272' title='bbox 1481 1236 1499 1267; x_wconf 87' lang='grc'>9</span> 
     </span>
    </p>
   </div>
   <div class='ocr_carea' id='block_1_6' title="bbox 1459 1732 1502 1762">
    <p class='ocr_par' dir='ltr' id='par_1_7' title="bbox 1459 1732 1502 1762">
     <span class='ocr_line' id='line_1_35' title="bbox 1459 1732 1502 1762; baseline 0.023 -1"><span class='ocrx_word' id='word_1_273' title='bbox 1459 1732 1502 1762; x_wconf 85' lang='grc'><em>40</em></span> 
     </span>
    </p>
   </div>
  </div>
 </body>
</html>
