<?xml version="1.0" encoding="UTF-8"?>
<!DOCTYPE html PUBLIC "-//W3C//DTD XHTML 1.0 Transitional//EN"
    "http://www.w3.org/TR/xhtml1/DTD/xhtml1-transitional.dtd">
<html xmlns="http://www.w3.org/1999/xhtml" xml:lang="en" lang="en">
 <head>
  <title>
</title>
<meta http-equiv="Content-Type" content="text/html;charset=utf-8" />
  <meta name='ocr-system' content='tesseract 3.04.00' />
  <meta name='ocr-capabilities' content='ocr_page ocr_carea ocr_par ocr_line ocrx_word'/>
</head>
<body>
  <div class='ocr_page' id='page_1' title='image "./demosthenisorati0101demouoft_0183.png"; bbox 0 0 1689 2531; ppageno 0'>
   <div class='ocr_carea' id='block_1_1' title="bbox 93 81 1436 131">
    <p class='ocr_par' dir='ltr' id='par_1_1' title="bbox 93 81 1436 131">
     <span class='ocr_line' id='line_1_1' title="bbox 93 81 1436 131; baseline 0.003 -18"><span class='ocrx_word' id='word_1_1' title='bbox 93 88 162 131; x_wconf 70' lang='lat' dir='ltr'><em>¹xv]</em></span> <span class='ocrx_word' id='word_1_2' title='bbox 378 82 493 114; x_wconf 86' lang='grc' dir='ltr'>ΠΕΡΙ</span> <span class='ocrx_word' id='word_1_3' title='bbox 517 83 614 115; x_wconf 88' lang='grc' dir='ltr'><em>ΤΗΣ</em></span> <span class='ocrx_word' id='word_1_4' title='bbox 639 81 820 115; x_wconf 75' lang='grc' dir='ltr'>ΡΟΔΙῼΝ</span> <span class='ocrx_word' id='word_1_5' title='bbox 844 83 1156 116; x_wconf 76' lang='grc' dir='ltr'><strong>ΕΛΕΥΘΕΡΙΑΣ</strong></span> <span class='ocrx_word' id='word_1_6' title='bbox 1356 83 1436 123; x_wconf 75' lang='grc'><em>177</em></span> 
     </span>
    </p>
   </div>
   <div class='ocr_carea' id='block_1_2' title="bbox 0 177 1443 2213">
    <p class='ocr_par' dir='ltr' id='par_1_2' title="bbox 0 177 1442 1648">
     <span class='ocr_line' id='line_1_2' title="bbox 93 177 1439 239; baseline -0.003 -15"><span class='ocrx_word' id='word_1_7' title='bbox 93 187 153 239; x_wconf 81' lang='grc' dir='ltr'><em>τῷ</em></span> <span class='ocrx_word' id='word_1_8' title='bbox 165 179 344 223; x_wconf 88' lang='grc' dir='ltr'><em>Ῥοδίων</em></span> <span class='ocrx_word' id='word_1_9' title='bbox 376 179 496 234; x_wconf 81' lang='grc' dir='ltr'><em>δήμω</em></span> <span class='ocrx_word' id='word_1_10' title='bbox 529 178 669 230; x_wconf 88' lang='grc' dir='ltr'><em>μόνον</em></span> <span class='ocrx_word' id='word_1_11' title='bbox 698 177 898 232; x_wconf 77' lang='grc' dir='ltr'><em>ἡγούμην</em></span> <span class='ocrx_word' id='word_1_12' title='bbox 928 178 1187 232; x_wconf 80' lang='grc' dir='ltr'><em>συμφέρειν·</em></span> <span class='ocrx_word' id='word_1_13' title='bbox 1225 179 1326 220; x_wconf 78' lang='grc' dir='ltr'><em>οὔτε</em></span> <span class='ocrx_word' id='word_1_14' title='bbox 1355 179 1439 233; x_wconf 85' lang='grc' dir='ltr'><em>γὰρ</em></span> 
     </span>
     <span class='ocr_line' id='line_1_3' title="bbox 94 246 1442 307; baseline -0.002 -13"><span class='ocrx_word' id='word_1_15' title='bbox 94 250 289 307; x_wconf 81' lang='grc' dir='ltr'><em>προξενῶ</em></span> <span class='ocrx_word' id='word_1_16' title='bbox 316 257 405 292; x_wconf 85' lang='grc' dir='ltr'><em>τῶν</em></span> <span class='ocrx_word' id='word_1_17' title='bbox 431 249 608 303; x_wconf 85' lang='grc' dir='ltr'><em>ἀνδρῶν</em></span> <span class='ocrx_word' id='word_1_18' title='bbox 633 246 723 290; x_wconf 77' lang='grc' dir='ltr'><em>οὔτ’</em></span> <span class='ocrx_word' id='word_1_19' title='bbox 750 249 841 305; x_wconf 78' lang='grc' dir='ltr'><em>ἰδία</em></span> <span class='ocrx_word' id='word_1_20' title='bbox 867 247 987 299; x_wconf 83' lang='grc' dir='ltr'><em>ξένος</em></span> <span class='ocrx_word' id='word_1_21' title='bbox 1013 249 1159 290; x_wconf 84' lang='grc' dir='ltr'><em>αὐτῶν</em></span> <span class='ocrx_word' id='word_1_22' title='bbox 1185 249 1328 299; x_wconf 86' lang='grc' dir='ltr'><em>οὐδείς</em></span> <span class='ocrx_word' id='word_1_23' title='bbox 1350 248 1442 291; x_wconf 83' lang='grc' dir='ltr'><em>ἐστί</em></span> 
     </span>
     <span class='ocr_line' id='line_1_4' title="bbox 95 316 1440 376; baseline -0.002 -11"><span class='ocrx_word' id='word_1_24' title='bbox 95 338 179 376; x_wconf 91' lang='grc' dir='ltr'><em>μοι.</em></span> <span class='ocrx_word' id='word_1_25' title='bbox 210 322 264 365; x_wconf 87' lang='grc' dir='ltr'><em>οὐ</em></span> <span class='ocrx_word' id='word_1_26' title='bbox 290 322 376 375; x_wconf 84' lang='grc' dir='ltr'><em>μὴν</em></span> <span class='ocrx_word' id='word_1_27' title='bbox 408 317 500 362; x_wconf 84' lang='grc' dir='ltr'><em>οὐδ’</em></span> <span class='ocrx_word' id='word_1_28' title='bbox 533 321 570 361; x_wconf 83' lang='grc' dir='ltr'><em>εἰ</em></span> <span class='ocrx_word' id='word_1_29' title='bbox 595 316 713 360; x_wconf 87' lang='grc' dir='ltr'><em>ταῦτ’</em></span> <span class='ocrx_word' id='word_1_30' title='bbox 740 317 946 374; x_wconf 80' lang='grc' dir='ltr'><em>ἀμφότερ’</em></span> <span class='ocrx_word' id='word_1_31' title='bbox 971 317 1039 374; x_wconf 77' lang='grc' dir='ltr'><em>ἦν,</em></span> <span class='ocrx_word' id='word_1_32' title='bbox 1064 321 1100 362; x_wconf 86' lang='grc' dir='ltr'><em>εἰ</em></span> <span class='ocrx_word' id='word_1_33' title='bbox 1121 321 1178 374; x_wconf 87' lang='grc' dir='ltr'><em>μὴ</em></span> <span class='ocrx_word' id='word_1_34' title='bbox 1199 320 1440 375; x_wconf 82' lang='grc' dir='ltr'><em>συμφέρειν</em></span> 
     </span>
     <span class='ocr_line' id='line_1_5' title="bbox 94 385 1433 446; baseline -0.001 -12"><span class='ocrx_word' id='word_1_35' title='bbox 94 393 199 445; x_wconf 90' lang='grc' dir='ltr'><em>ὑμῖν</em></span> <span class='ocrx_word' id='word_1_36' title='bbox 217 391 430 446; x_wconf 86' lang='grc' dir='ltr'><em>ἡγούμην,</em></span> <span class='ocrx_word' id='word_1_37' title='bbox 456 385 580 432; x_wconf 84' lang='grc' dir='ltr'><em>εἷπον</em></span> <span class='ocrx_word' id='word_1_38' title='bbox 600 390 667 444; x_wconf 79' lang='grc' dir='ltr'><em>ἄν,</em></span> <span class='ocrx_word' id='word_1_39' title='bbox 687 388 778 431; x_wconf 82' lang='grc' dir='ltr'><em>ἐπεὶ</em></span> <span class='ocrx_word' id='word_1_40' title='bbox 800 391 977 439; x_wconf 79' lang='grc' dir='ltr'><em>Ῥοδίοις</em></span> <span class='ocrx_word' id='word_1_41' title='bbox 997 388 1054 445; x_wconf 83' lang='grc' dir='ltr'><em>γ’,</em></span> <span class='ocrx_word' id='word_1_42' title='bbox 1079 392 1116 432; x_wconf 89' lang='grc' dir='ltr'><em>εἰ</em></span> <span class='ocrx_word' id='word_1_43' title='bbox 1138 385 1234 433; x_wconf 82' lang='grc' dir='ltr'><em>οἷόν</em></span> <span class='ocrx_word' id='word_1_44' title='bbox 1252 406 1298 433; x_wconf 89' lang='grc' dir='ltr'><em>τε</em></span> <span class='ocrx_word' id='word_1_45' title='bbox 1317 389 1433 433; x_wconf 86' lang='grc' dir='ltr'><em>τοῦτ’</em></span> 
     </span>
     <span class='ocr_line' id='line_1_6' title="bbox 57 461 1438 520; baseline -0.001 -15"><span class='ocrx_word' id='word_1_46' title='bbox 57 480 73 505; x_wconf 84' lang='grc'>5</span> <span class='ocrx_word' id='word_1_47' title='bbox 94 465 232 505; x_wconf 86' lang='grc' dir='ltr'><em>εἰπεῖν</em></span> <span class='ocrx_word' id='word_1_48' title='bbox 268 467 328 520; x_wconf 80' lang='grc' dir='ltr'><em>τῷ</em></span> <span class='ocrx_word' id='word_1_49' title='bbox 354 461 699 515; x_wconf 77' lang='grc' dir='ltr'><em>συναγορεύοντι</em></span> <span class='ocrx_word' id='word_1_50' title='bbox 724 467 776 516; x_wconf 76' lang='grc' dir='ltr'><em>τῇ</em></span> <span class='ocrx_word' id='word_1_51' title='bbox 809 462 998 518; x_wconf 76' lang='grc' dir='ltr'><em>σωτηρία</em></span> <span class='ocrx_word' id='word_1_52' title='bbox 1024 462 1188 516; x_wconf 89' lang='grc' dir='ltr'><em>αὐτῶν,</em></span> <span class='ocrx_word' id='word_1_53' title='bbox 1219 464 1438 517; x_wconf 84' lang='grc' dir='ltr'><em>συγχαίρω</em></span> 
     </span>
     <span class='ocr_line' id='line_1_7' title="bbox 94 530 1441 588; baseline -0.001 -13"><span class='ocrx_word' id='word_1_54' title='bbox 94 541 184 575; x_wconf 89' lang='grc' dir='ltr'><em>τῶν</em></span> <span class='ocrx_word' id='word_1_55' title='bbox 207 532 522 588; x_wconf 84' lang='grc' dir='ltr'><em>γεγενημένων.</em></span> <span class='ocrx_word' id='word_1_56' title='bbox 553 537 632 573; x_wconf 89' lang='grc' dir='ltr'><em>τοῦ</em></span> <span class='ocrx_word' id='word_1_57' title='bbox 658 533 926 584; x_wconf 89' lang='grc' dir='ltr'><em>κομίσασθαι</em></span> <span class='ocrx_word' id='word_1_58' title='bbox 950 532 1033 586; x_wconf 85' lang='grc' dir='ltr'><em>γὰρ</em></span> <span class='ocrx_word' id='word_1_59' title='bbox 1059 533 1111 573; x_wconf 83' lang='grc' dir='ltr'><em>τὰ</em></span> <span class='ocrx_word' id='word_1_60' title='bbox 1136 530 1304 586; x_wconf 86' lang='grc' dir='ltr'><em>ὑμέτερ’</em></span> <span class='ocrx_word' id='word_1_61' title='bbox 1335 533 1441 585; x_wconf 88' lang='grc' dir='ltr'><em>ὑμῖν</em></span> 
     </span>
     <span class='ocr_line' id='line_1_8' title="bbox 96 600 1441 658; baseline -0.001 -12"><span class='ocrx_word' id='word_1_62' title='bbox 96 605 402 658; x_wconf 80' lang='grc' dir='ltr'><em>φθονήσαντες</em></span> <span class='ocrx_word' id='word_1_63' title='bbox 428 604 508 657; x_wconf 85' lang='grc' dir='ltr'><em>τὴν</em></span> <span class='ocrx_word' id='word_1_64' title='bbox 534 601 702 643; x_wconf 81' lang='grc' dir='ltr'><em>ἑαυτῶν</em></span> <span class='ocrx_word' id='word_1_65' title='bbox 728 600 987 656; x_wconf 80' lang='grc' dir='ltr'><em>ἐλευθερίαν</em></span> <span class='ocrx_word' id='word_1_66' title='bbox 1007 602 1345 657; x_wconf 79' lang='grc' dir='ltr'><em>ἀπολωλέκασιν,</em></span> <span class='ocrx_word' id='word_1_67' title='bbox 1370 604 1441 644; x_wconf 84' lang='grc' dir='ltr'><em>καὶ</em></span> 
     </span>
     <span class='ocr_line' id='line_1_9' title="bbox 94 671 1439 729; baseline -0.001 -13"><span class='ocrx_word' id='word_1_68' title='bbox 94 675 236 729; x_wconf 91' lang='grc' dir='ltr'><em>παρὸν</em></span> <span class='ocrx_word' id='word_1_69' title='bbox 261 674 409 723; x_wconf 84' lang='grc' dir='ltr'><em>αὐτοῖς</em></span> <span class='ocrx_word' id='word_1_70' title='bbox 420 671 598 726; x_wconf 88' lang='grc' dir='ltr'><em>Ἕλλησι</em></span> <span class='ocrx_word' id='word_1_71' title='bbox 617 673 689 713; x_wconf 84' lang='grc' dir='ltr'><em>καὶ</em></span> <span class='ocrx_word' id='word_1_72' title='bbox 708 675 929 726; x_wconf 88' lang='grc' dir='ltr'><em>βελτίοσιν</em></span> <span class='ocrx_word' id='word_1_73' title='bbox 949 673 1094 714; x_wconf 85' lang='grc' dir='ltr'><em>αὐτῶν</em></span> <span class='ocrx_word' id='word_1_74' title='bbox 1116 673 1256 728; x_wconf 84' lang='grc' dir='ltr'><em>[ὑμῖν]</em></span> <span class='ocrx_word' id='word_1_75' title='bbox 1278 672 1320 724; x_wconf 78' lang='grc' dir='ltr'><em>ἐξ</em></span> <span class='ocrx_word' id='word_1_76' title='bbox 1342 674 1439 715; x_wconf 86' lang='grc' dir='ltr'><em>ἴσου</em></span> 
     </span>
     <span class='ocr_line' id='line_1_10' title="bbox 97 743 1441 800; baseline 0 -14"><span class='ocrx_word' id='word_1_77' title='bbox 97 751 356 800; x_wconf 82' lang='grc' dir='ltr'><em>συμμαχεῖν,</em></span> <span class='ocrx_word' id='word_1_78' title='bbox 387 743 625 798; x_wconf 80' lang='grc' dir='ltr'><em>βαρβάροις</em></span> <span class='ocrx_word' id='word_1_79' title='bbox 657 744 727 784; x_wconf 80' lang='grc' dir='ltr'><em>καὶ</em></span> <span class='ocrx_word' id='word_1_80' title='bbox 755 744 942 798; x_wconf 88' lang='grc' dir='ltr'><em>δούλοις,</em></span> <span class='ocrx_word' id='word_1_81' title='bbox 967 744 1043 793; x_wconf 86' lang='grc' dir='ltr'><em>οὓς</em></span> <span class='ocrx_word' id='word_1_82' title='bbox 1070 746 1130 793; x_wconf 89' lang='grc' dir='ltr'><em>εἰς</em></span> <span class='ocrx_word' id='word_1_83' title='bbox 1155 745 1229 793; x_wconf 82' lang='grc' dir='ltr'><em>τὰς</em></span> <span class='ocrx_word' id='word_1_84' title='bbox 1255 744 1441 799; x_wconf 80' lang='grc' dir='ltr'><em>ἀκροπό-</em></span> 
     </span>
     <span class='ocr_line' id='line_1_11' title="bbox 42 814 1440 870; baseline -0.001 -12"><span class='ocrx_word' id='word_1_85' title='bbox 42 834 75 859; x_wconf 91' lang='lat'><em>10</em></span> <span class='ocrx_word' id='word_1_86' title='bbox 97 819 183 865; x_wconf 86' lang='grc' dir='ltr'><em>λεις</em></span> <span class='ocrx_word' id='word_1_87' title='bbox 213 822 454 869; x_wconf 89' lang='grc' dir='ltr'><em>παρεῖνται,</em></span> <span class='ocrx_word' id='word_1_88' title='bbox 480 814 783 856; x_wconf 86' lang='grc' dir='ltr'><em>δουλεύουσιν.</em></span> <span class='ocrx_word' id='word_1_89' title='bbox 821 814 972 868; x_wconf 86' lang='grc' dir='ltr'><em>ὀλίγου</em></span> <span class='ocrx_word' id='word_1_90' title='bbox 1000 815 1047 856; x_wconf 82' lang='grc' dir='ltr'><em>δὲ</em></span> <span class='ocrx_word' id='word_1_91' title='bbox 1074 815 1156 856; x_wconf 90' lang='grc' dir='ltr'><em>δέω</em></span> <span class='ocrx_word' id='word_1_92' title='bbox 1184 815 1339 870; x_wconf 88' lang='grc' dir='ltr'><em>λέγειν,</em></span> <span class='ocrx_word' id='word_1_93' title='bbox 1365 814 1440 857; x_wconf 81' lang='grc' dir='ltr'><em>ἐὰν</em></span> 
     </span>
     <span class='ocr_line' id='line_1_12' title="bbox 0 883 1440 941; baseline 0.001 -15"><span class='ocrx_word' id='word_1_94' title='bbox 0 891 71 927; x_wconf 84' lang='grc'><em>195</em></span> <span class='ocrx_word' id='word_1_95' title='bbox 93 886 252 941; x_wconf 71' lang='grc' dir='ltr'><em>αὐιτοῖς</em></span> <span class='ocrx_word' id='word_1_96' title='bbox 283 886 408 938; x_wconf 86' lang='grc' dir='ltr'><em>ὑμεῖς</em></span> <span class='ocrx_word' id='word_1_97' title='bbox 440 883 676 938; x_wconf 82' lang='grc' dir='ltr'><em>ἐθελήσητε</em></span> <span class='ocrx_word' id='word_1_98' title='bbox 713 887 952 940; x_wconf 84' lang='grc' dir='ltr'><em>βοηθῆσαι,</em></span> <span class='ocrx_word' id='word_1_99' title='bbox 985 886 1040 934; x_wconf 83' lang='grc' dir='ltr'><em>ὡς</em></span> <span class='ocrx_word' id='word_1_100' title='bbox 1071 886 1143 927; x_wconf 85' lang='grc' dir='ltr'><em>καὶ</em></span> <span class='ocrx_word' id='word_1_101' title='bbox 1176 888 1440 941; x_wconf 83' lang='grc' dir='ltr'><em>συνενήνοχε</em></span> 
     </span>
     <span class='ocr_line' id='line_1_13' title="bbox 93 952 1435 1009; baseline 0 -11"><span class='ocrx_word' id='word_1_102' title='bbox 93 954 210 999; x_wconf 86' lang='grc' dir='ltr'><em>ταῦτ’</em></span> <span class='ocrx_word' id='word_1_103' title='bbox 249 956 414 1006; x_wconf 84' lang='grc' dir='ltr'><em>αὐτοῖς·</em></span> <span class='ocrx_word' id='word_1_104' title='bbox 452 953 500 998; x_wconf 86' lang='grc' dir='ltr'><em>εὖ</em></span> <span class='ocrx_word' id='word_1_105' title='bbox 533 956 613 1007; x_wconf 81' lang='grc' dir='ltr'><em>μὲν</em></span> <span class='ocrx_word' id='word_1_106' title='bbox 644 956 726 1009; x_wconf 83' lang='grc' dir='ltr'><em>γὰρ</em></span> <span class='ocrx_word' id='word_1_107' title='bbox 759 956 1020 1009; x_wconf 88' lang='grc' dir='ltr'><em>πράττοντες</em></span> <span class='ocrx_word' id='word_1_108' title='bbox 1053 956 1133 998; x_wconf 81' lang='grc' dir='ltr'><em>οὐκ</em></span> <span class='ocrx_word' id='word_1_109' title='bbox 1164 952 1246 998; x_wconf 83' lang='grc' dir='ltr'><em>οἶδ’</em></span> <span class='ocrx_word' id='word_1_110' title='bbox 1279 957 1319 999; x_wconf 85' lang='grc' dir='ltr'><em>εἴ</em></span> <span class='ocrx_word' id='word_1_111' title='bbox 1341 955 1435 999; x_wconf 80' lang='grc' dir='ltr'><em>ποτ’</em></span> 
     </span>
     <span class='ocr_line' id='line_1_14' title="bbox 95 1024 1441 1083; baseline 0 -14"><span class='ocrx_word' id='word_1_112' title='bbox 95 1027 149 1069; x_wconf 79' lang='grc' dir='ltr'><em>ἂν</em></span> <span class='ocrx_word' id='word_1_113' title='bbox 181 1024 229 1070; x_wconf 80' lang='grc' dir='ltr'><em>εὗ</em></span> <span class='ocrx_word' id='word_1_114' title='bbox 261 1033 481 1082; x_wconf 82' lang='grc' dir='ltr'><em>φρονῆσαι</em></span> <span class='ocrx_word' id='word_1_115' title='bbox 505 1026 749 1080; x_wconf 83' lang='grc' dir='ltr'><em>ἠθέλησαν,</em></span> <span class='ocrx_word' id='word_1_116' title='bbox 780 1027 902 1075; x_wconf 82' lang='grc' dir='ltr'><em>ὄντες</em></span> <span class='ocrx_word' id='word_1_117' title='bbox 922 1024 1097 1081; x_wconf 90' lang='grc' dir='ltr'><em>Ῥόδιοι,</em></span> <span class='ocrx_word' id='word_1_118' title='bbox 1127 1025 1238 1083; x_wconf 80' lang='grc' dir='ltr'><em>ἔργω</em></span> <span class='ocrx_word' id='word_1_119' title='bbox 1271 1027 1318 1069; x_wconf 81' lang='grc' dir='ltr'><em>δὲ</em></span> <span class='ocrx_word' id='word_1_120' title='bbox 1350 1042 1441 1069; x_wconf 92' lang='grc' dir='ltr'><em>πει-</em></span> 
     </span>
     <span class='ocr_line' id='line_1_15' title="bbox 95 1096 1434 1153; baseline 0 -13"><span class='ocrx_word' id='word_1_121' title='bbox 95 1098 306 1153; x_wconf 85' lang='grc' dir='ltr'><em>ραθέντες</em></span> <span class='ocrx_word' id='word_1_122' title='bbox 341 1098 412 1139; x_wconf 81' lang='grc' dir='ltr'><em>καὶ</em></span> <span class='ocrx_word' id='word_1_123' title='bbox 451 1097 733 1152; x_wconf 79' lang='grc' dir='ltr'><em>διδαχθέντες</em></span> <span class='ocrx_word' id='word_1_124' title='bbox 772 1097 837 1138; x_wconf 90' lang='grc' dir='ltr'><em>ὄτι</em></span> <span class='ocrx_word' id='word_1_125' title='bbox 875 1101 1050 1139; x_wconf 80' lang='grc' dir='ltr'><em>πολλῶν</em></span> <span class='ocrx_word' id='word_1_126' title='bbox 1084 1105 1229 1139; x_wconf 82' lang='grc' dir='ltr'><em>κακῶν</em></span> <span class='ocrx_word' id='word_1_127' title='bbox 1266 1099 1290 1152; x_wconf 80' lang='grc' dir='ltr'>ἡ</span> <span class='ocrx_word' id='word_1_128' title='bbox 1324 1096 1434 1140; x_wconf 81' lang='grc' dir='ltr'><em>ἄνοι’</em></span> 
     </span>
     <span class='ocr_line' id='line_1_16' title="bbox 42 1166 1441 1224; baseline -0.001 -12"><span class='ocrx_word' id='word_1_129' title='bbox 42 1188 74 1213; x_wconf 83' lang='lat'><em>15</em></span> <span class='ocrx_word' id='word_1_130' title='bbox 95 1170 211 1211; x_wconf 83' lang='grc' dir='ltr'><em>αἰτία</em></span> <span class='ocrx_word' id='word_1_131' title='bbox 234 1176 325 1219; x_wconf 85' lang='grc' dir='ltr'><em>τοῖς</em></span> <span class='ocrx_word' id='word_1_132' title='bbox 351 1172 527 1218; x_wconf 87' lang='grc' dir='ltr'><em>πολλοῖς</em></span> <span class='ocrx_word' id='word_1_133' title='bbox 554 1170 761 1222; x_wconf 89' lang='grc' dir='ltr'><em>γίγνεται,</em></span> <span class='ocrx_word' id='word_1_134' title='bbox 785 1166 875 1223; x_wconf 85' lang='grc' dir='ltr'><em>τάχ’</em></span> <span class='ocrx_word' id='word_1_135' title='bbox 907 1169 975 1223; x_wconf 76' lang='grc' dir='ltr'><em>ἄν,</em></span> <span class='ocrx_word' id='word_1_136' title='bbox 1001 1170 1037 1210; x_wconf 84' lang='grc' dir='ltr'><em>εἰ</em></span> <span class='ocrx_word' id='word_1_137' title='bbox 1057 1169 1244 1223; x_wconf 87' lang='grc' dir='ltr'><em>τύχοιεν,</em></span> <span class='ocrx_word' id='word_1_138' title='bbox 1270 1180 1441 1224; x_wconf 86' lang='grc' dir='ltr'><em>σωφρο-</em></span> 
     </span>
     <span class='ocr_line' id='line_1_17' title="bbox 93 1240 1440 1294; baseline -0.001 -12"><span class='ocrx_word' id='word_1_139' title='bbox 93 1240 290 1294; x_wconf 89' lang='grc' dir='ltr'><em>νέστεροι</em></span> <span class='ocrx_word' id='word_1_140' title='bbox 323 1241 430 1293; x_wconf 90' lang='grc' dir='ltr'><em>πρὸς</em></span> <span class='ocrx_word' id='word_1_141' title='bbox 465 1241 543 1281; x_wconf 90' lang='grc' dir='ltr'><em>τὸν</em></span> <span class='ocrx_word' id='word_1_142' title='bbox 570 1240 724 1280; x_wconf 89' lang='grc' dir='ltr'><em>λοιπὸν</em></span> <span class='ocrx_word' id='word_1_143' title='bbox 755 1245 833 1280; x_wconf 89' lang='grc' dir='ltr'><em>τοῦ</em></span> <span class='ocrx_word' id='word_1_144' title='bbox 866 1240 1028 1294; x_wconf 89' lang='grc' dir='ltr'><em>χρόνου</em></span> <span class='ocrx_word' id='word_1_145' title='bbox 1059 1240 1271 1294; x_wconf 86' lang='grc' dir='ltr'><em>γένοιντο.</em></span> <span class='ocrx_word' id='word_1_146' title='bbox 1311 1247 1440 1282; x_wconf 89' lang='grc' dir='ltr'><em>τοῦτο</em></span> 
     </span>
     <span class='ocr_line' id='line_1_18' title="bbox 95 1309 1441 1366; baseline 0.001 -14"><span class='ocrx_word' id='word_1_147' title='bbox 95 1309 131 1352; x_wconf 90' lang='grc' dir='ltr'><em>δ’</em></span> <span class='ocrx_word' id='word_1_148' title='bbox 165 1311 217 1353; x_wconf 87' lang='grc' dir='ltr'><em>οὐ</em></span> <span class='ocrx_word' id='word_1_149' title='bbox 242 1312 402 1365; x_wconf 82' lang='grc' dir='ltr'><em>μικρὰν</em></span> <span class='ocrx_word' id='word_1_150' title='bbox 428 1310 644 1364; x_wconf 86' lang='grc' dir='ltr'><em>ὠφέλειαν</em></span> <span class='ocrx_word' id='word_1_151' title='bbox 670 1310 817 1359; x_wconf 85' lang='grc' dir='ltr'><em>αὐτοῖς</em></span> <span class='ocrx_word' id='word_1_152' title='bbox 843 1311 1042 1364; x_wconf 77' lang='grc' dir='ltr'><em>ἡγοῦμαι.</em></span> <span class='ocrx_word' id='word_1_153' title='bbox 1076 1312 1185 1365; x_wconf 82' lang='grc' dir='ltr'><em>φημὶ</em></span> <span class='ocrx_word' id='word_1_154' title='bbox 1211 1312 1264 1365; x_wconf 85' lang='grc' dir='ltr'><em>δὴ</em></span> <span class='ocrx_word' id='word_1_155' title='bbox 1286 1317 1441 1366; x_wconf 77' lang='grc' dir='ltr'><em>χρῆναι</em></span> 
     </span>
     <span class='ocr_line' id='line_1_19' title="bbox 93 1380 1442 1439; baseline 0.001 -16"><span class='ocrx_word' id='word_1_156' title='bbox 93 1386 331 1437; x_wconf 86' lang='grc' dir='ltr'><em>πειρᾶσθαι</em></span> <span class='ocrx_word' id='word_1_157' title='bbox 363 1380 511 1439; x_wconf 78' lang='grc' dir='ltr'><em>σῴζειν</em></span> <span class='ocrx_word' id='word_1_158' title='bbox 545 1383 646 1430; x_wconf 87' lang='grc' dir='ltr'><em>τοὺς</em></span> <span class='ocrx_word' id='word_1_159' title='bbox 679 1382 841 1435; x_wconf 78' lang='grc' dir='ltr'><em>ἄνδρας</em></span> <span class='ocrx_word' id='word_1_160' title='bbox 875 1382 946 1422; x_wconf 77' lang='grc' dir='ltr'><em>καὶ</em></span> <span class='ocrx_word' id='word_1_161' title='bbox 971 1382 1028 1435; x_wconf 87' lang='grc' dir='ltr'><em>μὴ</em></span> <span class='ocrx_word' id='word_1_162' title='bbox 1053 1389 1348 1437; x_wconf 86' lang='grc' dir='ltr'><em>μνησικακεῖν,</em></span> <span class='ocrx_word' id='word_1_163' title='bbox 1374 1381 1442 1424; x_wconf 85' lang='grc' dir='ltr'><em>ἐν-</em></span> 
     </span>
     <span class='ocr_line' id='line_1_20' title="bbox 95 1450 1442 1506; baseline -0.001 -12"><span class='ocrx_word' id='word_1_164' title='bbox 95 1455 405 1505; x_wconf 86' lang='grc' dir='ltr'><em>θυμουμένους</em></span> <span class='ocrx_word' id='word_1_165' title='bbox 438 1453 504 1494; x_wconf 86' lang='grc' dir='ltr'><em>ὄτι</em></span> <span class='ocrx_word' id='word_1_166' title='bbox 536 1452 675 1493; x_wconf 81' lang='grc' dir='ltr'><em>πολλὰ</em></span> <span class='ocrx_word' id='word_1_167' title='bbox 707 1452 777 1493; x_wconf 85' lang='grc' dir='ltr'><em>καὶ</em></span> <span class='ocrx_word' id='word_1_168' title='bbox 810 1452 931 1504; x_wconf 85' lang='grc' dir='ltr'><em>ὑμεῖς</em></span> <span class='ocrx_word' id='word_1_169' title='bbox 963 1452 1047 1493; x_wconf 89' lang='grc' dir='ltr'><em>ὑπὸ</em></span> <span class='ocrx_word' id='word_1_170' title='bbox 1073 1459 1162 1493; x_wconf 88' lang='grc' dir='ltr'><em>τῶν</em></span> <span class='ocrx_word' id='word_1_171' title='bbox 1188 1450 1442 1506; x_wconf 83' lang='grc' dir='ltr'><em>ἐπιβουλευ-</em></span> 
     </span>
     <span class='ocr_line' id='line_1_21' title="bbox 42 1519 1441 1577; baseline 0 -13"><span class='ocrx_word' id='word_1_172' title='bbox 42 1540 74 1565; x_wconf 79' lang='lat'><em>20</em></span> <span class='ocrx_word' id='word_1_173' title='bbox 96 1523 268 1565; x_wconf 81' lang='grc' dir='ltr'><em>σάντων</em></span> <span class='ocrx_word' id='word_1_174' title='bbox 294 1522 578 1577; x_wconf 79' lang='grc' dir='ltr'><em>ἐξηπάτησθε,</em></span> <span class='ocrx_word' id='word_1_175' title='bbox 604 1519 666 1564; x_wconf 83' lang='grc' dir='ltr'><em>ὧν</em></span> <span class='ocrx_word' id='word_1_176' title='bbox 692 1523 872 1571; x_wconf 82' lang='grc' dir='ltr'><em>οὐδενὸς</em></span> <span class='ocrx_word' id='word_1_177' title='bbox 899 1522 1022 1564; x_wconf 81' lang='grc' dir='ltr'><em>αὐτοὶ</em></span> <span class='ocrx_word' id='word_1_178' title='bbox 1049 1523 1205 1564; x_wconf 87' lang='grc' dir='ltr'><em>δοῦναι</em></span> <span class='ocrx_word' id='word_1_179' title='bbox 1231 1523 1358 1577; x_wconf 88' lang='grc' dir='ltr'><em>δίκην</em></span> <span class='ocrx_word' id='word_1_180' title='bbox 1379 1524 1441 1564; x_wconf 88' lang='grc' dir='ltr'><em>δί-</em></span> 
     </span>
     <span class='ocr_line' id='line_1_22' title="bbox 94 1590 661 1648; baseline -0.002 -13"><span class='ocrx_word' id='word_1_181' title='bbox 94 1610 220 1636; x_wconf 88' lang='grc' dir='ltr'><em>καιον</em></span> <span class='ocrx_word' id='word_1_182' title='bbox 246 1593 300 1635; x_wconf 80' lang='grc' dir='ltr'><em>ἂν</em></span> <span class='ocrx_word' id='word_1_183' title='bbox 327 1590 440 1635; x_wconf 81' lang='grc' dir='ltr'><em>εἶναι</em></span> <span class='ocrx_word' id='word_1_184' title='bbox 467 1595 661 1648; x_wconf 87' lang='grc' dir='ltr'><em>φήσαιτε.</em></span> 
     </span>
    </p>

    <p class='ocr_par' dir='ltr' id='par_1_3' title="bbox 94 1661 1442 1860">
     <span class='ocr_line' id='line_1_23' title="bbox 147 1661 1442 1719; baseline 0 -13"><span class='ocrx_word' id='word_1_185' title='bbox 147 1662 296 1719; x_wconf 87' lang='grc' dir='ltr'><em>Ὁρᾶτε</em></span> <span class='ocrx_word' id='word_1_186' title='bbox 337 1665 384 1706; x_wconf 83' lang='grc' dir='ltr'><em>δὲ</em></span> <span class='ocrx_word' id='word_1_187' title='bbox 422 1662 582 1705; x_wconf 81' lang='grc' dir='ltr'><em>κάκεῖν’</em></span> <span class='ocrx_word' id='word_1_188' title='bbox 626 1661 658 1704; x_wconf 81' lang='grc' dir='ltr'>ὦ</span> <span class='ocrx_word' id='word_1_189' title='bbox 697 1664 852 1717; x_wconf 79' lang='grc' dir='ltr'><em>ἄνδρες</em></span> <span class='ocrx_word' id='word_1_190' title='bbox 881 1661 1118 1718; x_wconf 84' lang='grc' dir='ltr'><em>Ἀθηναῖοι,</em></span> <span class='ocrx_word' id='word_1_191' title='bbox 1156 1665 1222 1706; x_wconf 83' lang='grc' dir='ltr'><em>ὅτι</em></span> <span class='ocrx_word' id='word_1_192' title='bbox 1253 1667 1442 1714; x_wconf 86' lang='grc' dir='ltr'><em>πολλοὺς</em></span> 
     </span>
     <span class='ocr_line' id='line_1_24' title="bbox 94 1735 1442 1789; baseline -0.001 -12"><span class='ocrx_word' id='word_1_193' title='bbox 94 1736 216 1788; x_wconf 91' lang='grc' dir='ltr'><em>ὑμεῖς</em></span> <span class='ocrx_word' id='word_1_194' title='bbox 241 1736 456 1787; x_wconf 88' lang='grc' dir='ltr'><em>πολέμους</em></span> <span class='ocrx_word' id='word_1_195' title='bbox 482 1736 802 1788; x_wconf 85' lang='grc' dir='ltr'><em>πεπολεμήκατε</em></span> <span class='ocrx_word' id='word_1_196' title='bbox 828 1735 898 1775; x_wconf 83' lang='grc' dir='ltr'><em>καὶ</em></span> <span class='ocrx_word' id='word_1_197' title='bbox 924 1735 1031 1787; x_wconf 87' lang='grc' dir='ltr'><em>πρὸς</em></span> <span class='ocrx_word' id='word_1_198' title='bbox 1058 1735 1345 1789; x_wconf 84' lang='grc' dir='ltr'><em>δημοκρατίας</em></span> <span class='ocrx_word' id='word_1_199' title='bbox 1371 1752 1442 1776; x_wconf 89' lang='grc' dir='ltr'><em>και</em></span> 
     </span>
     <span class='ocr_line' id='line_1_25' title="bbox 94 1803 1440 1860; baseline 0.001 -14"><span class='ocrx_word' id='word_1_200' title='bbox 94 1806 202 1859; x_wconf 91' lang='grc' dir='ltr'><em>πρὸς</em></span> <span class='ocrx_word' id='word_1_201' title='bbox 223 1806 484 1860; x_wconf 87' lang='grc' dir='ltr'><em>ὀλιγαρχίας.</em></span> <span class='ocrx_word' id='word_1_202' title='bbox 516 1821 586 1846; x_wconf 89' lang='grc' dir='ltr'><em>και</em></span> <span class='ocrx_word' id='word_1_203' title='bbox 603 1811 732 1846; x_wconf 90' lang='grc' dir='ltr'><em>τοῦτο</em></span> <span class='ocrx_word' id='word_1_204' title='bbox 753 1806 832 1857; x_wconf 80' lang='grc' dir='ltr'><em>μὲν</em></span> <span class='ocrx_word' id='word_1_205' title='bbox 852 1805 943 1846; x_wconf 79' lang='grc' dir='ltr'><em>ἰστε</em></span> <span class='ocrx_word' id='word_1_206' title='bbox 962 1805 1033 1846; x_wconf 82' lang='grc' dir='ltr'><em>καὶ</em></span> <span class='ocrx_word' id='word_1_207' title='bbox 1053 1805 1195 1847; x_wconf 90' lang='grc' dir='ltr'><em>αὐτοί·</em></span> <span class='ocrx_word' id='word_1_208' title='bbox 1221 1803 1312 1847; x_wconf 83' lang='grc' dir='ltr'><em>ἀλλ’</em></span> <span class='ocrx_word' id='word_1_209' title='bbox 1332 1806 1440 1860; x_wconf 76' lang='grc' dir='ltr'><em>ὑπὲρ</em></span> 
     </span>
    </p>

    <p class='ocr_par' dir='ltr' id='par_1_4' title="bbox 43 1873 1443 2144">
     <span class='ocr_line' id='line_1_26' title="bbox 43 1873 1442 1930; baseline 0 -12"><span class='ocrx_word' id='word_1_210' title='bbox 43 1893 76 1919; x_wconf 77' lang='lat'><em>25</em></span> <span class='ocrx_word' id='word_1_211' title='bbox 97 1873 159 1917; x_wconf 82' lang='grc' dir='ltr'><em>ὧν</em></span> <span class='ocrx_word' id='word_1_212' title='bbox 178 1878 285 1930; x_wconf 82' lang='grc' dir='ltr'><em>πρὸς</em></span> <span class='ocrx_word' id='word_1_213' title='bbox 306 1875 534 1929; x_wconf 82' lang='grc' dir='ltr'><em>ἑκατέρους</em></span> <span class='ocrx_word' id='word_1_214' title='bbox 554 1873 650 1916; x_wconf 81' lang='grc' dir='ltr'><em>ἔσθ’</em></span> <span class='ocrx_word' id='word_1_215' title='bbox 670 1876 775 1927; x_wconf 86' lang='grc' dir='ltr'><em>ὑμῖν</em></span> <span class='ocrx_word' id='word_1_216' title='bbox 795 1876 816 1917; x_wconf 89' lang='grc' dir='ltr'>ὁ</span> <span class='ocrx_word' id='word_1_217' title='bbox 838 1877 1035 1930; x_wconf 87' lang='grc' dir='ltr'><em>πόλεμος,</em></span> <span class='ocrx_word' id='word_1_218' title='bbox 1059 1874 1174 1917; x_wconf 87' lang='grc' dir='ltr'><em>τοῦτ’</em></span> <span class='ocrx_word' id='word_1_219' title='bbox 1196 1876 1298 1925; x_wconf 88' lang='grc' dir='ltr'><em>ἴσως</em></span> <span class='ocrx_word' id='word_1_220' title='bbox 1318 1876 1442 1929; x_wconf 88' lang='grc' dir='ltr'><em>ὑμῶν</em></span> 
     </span>
     <span class='ocr_line' id='line_1_27' title="bbox 97 1943 1442 2000; baseline -0.001 -12"><span class='ocrx_word' id='word_1_221' title='bbox 97 1947 240 1996; x_wconf 81' lang='grc' dir='ltr'><em>οὐδεὶς</em></span> <span class='ocrx_word' id='word_1_222' title='bbox 269 1949 491 2000; x_wconf 83' lang='grc' dir='ltr'><em>λογίζεται.</em></span> <span class='ocrx_word' id='word_1_223' title='bbox 536 1947 642 1999; x_wconf 80' lang='grc' dir='ltr'><em>ὑπὲρ</em></span> <span class='ocrx_word' id='word_1_224' title='bbox 669 1948 804 1987; x_wconf 89' lang='grc' dir='ltr'><em>τίνων</em></span> <span class='ocrx_word' id='word_1_225' title='bbox 831 1943 913 1987; x_wconf 83' lang='grc' dir='ltr'><em>οὖν</em></span> <span class='ocrx_word' id='word_1_226' title='bbox 939 1945 1076 1996; x_wconf 86' lang='grc' dir='ltr'><em>ἐστίν;</em></span> <span class='ocrx_word' id='word_1_227' title='bbox 1103 1947 1210 1999; x_wconf 87' lang='grc' dir='ltr'><em>πρὸς</em></span> <span class='ocrx_word' id='word_1_228' title='bbox 1236 1947 1316 1999; x_wconf 83' lang='grc' dir='ltr'><em>μὲν</em></span> <span class='ocrx_word' id='word_1_229' title='bbox 1340 1949 1442 1996; x_wconf 86' lang='grc' dir='ltr'><em>τοὺς</em></span> 
     </span>
     <span class='ocr_line' id='line_1_28' title="bbox 97 2015 1443 2071; baseline 0.001 -13"><span class='ocrx_word' id='word_1_230' title='bbox 97 2018 260 2071; x_wconf 90' lang='grc' dir='ltr'><em>δήμους</em></span> <span class='ocrx_word' id='word_1_231' title='bbox 291 2017 318 2071; x_wconf 82' lang='grc' dir='ltr'>ἢ</span> <span class='ocrx_word' id='word_1_232' title='bbox 350 2018 449 2071; x_wconf 82' lang='grc' dir='ltr'><em>περὶ</em></span> <span class='ocrx_word' id='word_1_233' title='bbox 480 2024 569 2058; x_wconf 89' lang='grc' dir='ltr'><em>τῶν</em></span> <span class='ocrx_word' id='word_1_234' title='bbox 600 2017 726 2058; x_wconf 84' lang='grc' dir='ltr'><em>ἰδίων</em></span> <span class='ocrx_word' id='word_1_235' title='bbox 752 2015 1043 2071; x_wconf 79' lang='grc' dir='ltr'><em>ἐγκλημάτων,</em></span> <span class='ocrx_word' id='word_1_236' title='bbox 1077 2018 1128 2058; x_wconf 87' lang='grc' dir='ltr'><em>οὐ</em></span> <span class='ocrx_word' id='word_1_237' title='bbox 1156 2017 1443 2071; x_wconf 87' lang='grc' dir='ltr'><em>δυνηθέντων</em></span> 
     </span>
     <span class='ocr_line' id='line_1_29' title="bbox 97 2087 1443 2144; baseline 0 -15"><span class='ocrx_word' id='word_1_238' title='bbox 97 2089 283 2144; x_wconf 78' lang='grc' dir='ltr'><em>δημοσίᾳ</em></span> <span class='ocrx_word' id='word_1_239' title='bbox 309 2088 604 2129; x_wconf 89' lang='grc' dir='ltr'><em>διαλύσασθαι</em></span> <span class='ocrx_word' id='word_1_240' title='bbox 629 2093 783 2142; x_wconf 89' lang='grc' dir='ltr'><em>ταῦτα,</em></span> <span class='ocrx_word' id='word_1_241' title='bbox 813 2087 838 2140; x_wconf 84' lang='grc' dir='ltr'><em>ἣ</em></span> <span class='ocrx_word' id='word_1_242' title='bbox 865 2087 963 2141; x_wconf 84' lang='grc' dir='ltr'><em>περὶ</em></span> <span class='ocrx_word' id='word_1_243' title='bbox 989 2093 1066 2141; x_wconf 81' lang='grc' dir='ltr'><em>γῆς</em></span> <span class='ocrx_word' id='word_1_244' title='bbox 1092 2087 1249 2141; x_wconf 88' lang='grc' dir='ltr'><em>μέρους</em></span> <span class='ocrx_word' id='word_1_245' title='bbox 1274 2087 1299 2141; x_wconf 78' lang='grc' dir='ltr'>ἢ</span> <span class='ocrx_word' id='word_1_246' title='bbox 1328 2088 1443 2141; x_wconf 85' lang='grc' dir='ltr'><em>ὅρων</em></span> 
     </span>
    </p>

    <p class='ocr_par' dir='ltr' id='par_1_5' title="bbox 0 2147 1443 2213">
     <span class='ocr_line' id='line_1_30' title="bbox 0 2147 1443 2213; baseline 0.001 -14"><span class='ocrx_word' id='word_1_247' title='bbox 0 2147 2 2194; x_wconf 60' lang='grc' dir='ltr'>ἶ</span> <span class='ocrx_word' id='word_1_248' title='bbox 96 2157 122 2211; x_wconf 81' lang='grc' dir='ltr'>ἢ</span> <span class='ocrx_word' id='word_1_249' title='bbox 155 2160 401 2213; x_wconf 86' lang='grc' dir='ltr'><em>φιλονικίας</em></span> <span class='ocrx_word' id='word_1_250' title='bbox 433 2157 457 2211; x_wconf 84' lang='grc' dir='ltr'>ἢ</span> <span class='ocrx_word' id='word_1_251' title='bbox 490 2164 564 2211; x_wconf 77' lang='grc' dir='ltr'><em>τῆς</em></span> <span class='ocrx_word' id='word_1_252' title='bbox 595 2158 845 2211; x_wconf 81' lang='grc' dir='ltr'><em>ἡγεμονίας,</em></span> <span class='ocrx_word' id='word_1_253' title='bbox 875 2159 983 2210; x_wconf 87' lang='grc' dir='ltr'><em>πρὸς</em></span> <span class='ocrx_word' id='word_1_254' title='bbox 1014 2158 1061 2199; x_wconf 77' lang='grc' dir='ltr'><em>δὲ</em></span> <span class='ocrx_word' id='word_1_255' title='bbox 1093 2159 1167 2207; x_wconf 83' lang='grc' dir='ltr'><em>τὰς</em></span> <span class='ocrx_word' id='word_1_256' title='bbox 1194 2158 1443 2213; x_wconf 87' lang='grc' dir='ltr'><em>ὀλιγαρχίας</em></span> 
     </span>
    </p>
   </div>
   <div class='ocr_carea' id='block_1_3' title="bbox 0 2202 1443 2283">
    <p class='ocr_par' dir='ltr' id='par_1_6' title="bbox 0 2202 1443 2283">
     <span class='ocr_line' id='line_1_31' title="bbox 0 2202 2 2223; baseline 0 0"><span class='ocrx_word' id='word_1_257' title='bbox 0 2202 2 2223; x_wconf 98' lang='grc' dir='ltr'>Ι</span> 
     </span>
     <span class='ocr_line' id='line_1_32' title="bbox 43 2228 1443 2283; baseline -0.001 -12"><span class='ocrx_word' id='word_1_258' title='bbox 43 2247 79 2272; x_wconf 72' lang='lat' dir='ltr'><em>ao</em></span> <span class='ocrx_word' id='word_1_259' title='bbox 99 2229 208 2282; x_wconf 83' lang='grc' dir='ltr'><em>ὑπὲρ</em></span> <span class='ocrx_word' id='word_1_260' title='bbox 234 2229 313 2281; x_wconf 79' lang='grc' dir='ltr'><em>μὲν</em></span> <span class='ocrx_word' id='word_1_261' title='bbox 339 2229 507 2270; x_wconf 88' lang='grc' dir='ltr'><em>τούτων</em></span> <span class='ocrx_word' id='word_1_262' title='bbox 533 2228 726 2282; x_wconf 88' lang='grc' dir='ltr'><em>οὐδενός,</em></span> <span class='ocrx_word' id='word_1_263' title='bbox 752 2228 859 2282; x_wconf 82' lang='grc' dir='ltr'><em>ὑπὲρ</em></span> <span class='ocrx_word' id='word_1_264' title='bbox 881 2229 928 2269; x_wconf 79' lang='grc' dir='ltr'><em>δὲ</em></span> <span class='ocrx_word' id='word_1_265' title='bbox 948 2234 1022 2281; x_wconf 84' lang='grc' dir='ltr'><em>τῆς</em></span> <span class='ocrx_word' id='word_1_266' title='bbox 1042 2230 1259 2278; x_wconf 88' lang='grc' dir='ltr'><em>πολιτείας</em></span> <span class='ocrx_word' id='word_1_267' title='bbox 1279 2230 1350 2270; x_wconf 82' lang='grc' dir='ltr'><em>καὶ</em></span> <span class='ocrx_word' id='word_1_268' title='bbox 1369 2236 1443 2283; x_wconf 83' lang='grc' dir='ltr'><em>τῆς</em></span> 
     </span>
    </p>
   </div>
   <div class='ocr_carea' id='block_1_4' title="bbox 169 2301 1276 2336">
    <p class='ocr_par' dir='ltr' id='par_1_7' title="bbox 169 2301 1276 2336">
     <span class='ocr_line' id='line_1_33' title="bbox 169 2301 1276 2336; baseline 0.002 -7"><span class='ocrx_word' id='word_1_269' title='bbox 169 2305 341 2336; x_wconf 66' lang='lat' dir='ltr'>szomu,</span> <span class='ocrx_word' id='word_1_270' title='bbox 354 2304 445 2329; x_wconf 87' lang='lat' dir='ltr'>v01.1</span> <span class='ocrx_word' id='word_1_271' title='bbox 1235 2301 1276 2331; x_wconf 78' lang='lat'><em>12</em></span> 
     </span>
    </p>
   </div>
   <div class='ocr_carea' id='block_1_5' title="bbox 0 2228 3 2393">
    <p class='ocr_par' dir='ltr' id='par_1_8' title="bbox 0 2228 3 2393">
     <span class='ocr_line' id='line_1_34' title="bbox 0 2228 3 2393; baseline 0 0"><span class='ocrx_word' id='word_1_272' title='bbox 0 2228 3 2393; x_wconf 95' lang='lat' dir='ltr'><em> </em></span> 
     </span>
    </p>
   </div>
   <div class='ocr_carea' id='block_1_6' title="bbox 1469 827 1510 857">
    <p class='ocr_par' dir='ltr' id='par_1_9' title="bbox 1469 827 1510 857">
     <span class='ocr_line' id='line_1_35' title="bbox 1469 827 1510 857; baseline 0 0"><span class='ocrx_word' id='word_1_273' title='bbox 1469 827 1510 857; x_wconf 90' lang='grc'><em>16</em></span> 
     </span>
    </p>
   </div>
   <div class='ocr_carea' id='block_1_7' title="bbox 1470 1677 1511 1707">
    <p class='ocr_par' dir='ltr' id='par_1_10' title="bbox 1470 1677 1511 1707">
     <span class='ocr_line' id='line_1_36' title="bbox 1470 1677 1511 1707; baseline -0.024 0"><span class='ocrx_word' id='word_1_274' title='bbox 1470 1677 1511 1707; x_wconf 81' lang='grc'><em>17</em></span> 
     </span>
    </p>
   </div>
  </div>
 </body>
</html>
