1689 2531
205 64 287 104 152
670 65 1073 112 [ΔΗΜΟΣΘΕΝΟΤΣ]
1455 70 1547 113 [m

158 171 177 201 6
205 159 370 216 οὐδέν),
401 159 510 201 ἀλλὰ
535 161 579 202 τί
601 160 708 213 ὑμῖν
733 161 929 215 γένηται;
960 169 1135 216 πρῶτον
1160 163 1241 215 μὲν
1267 165 1307 205 oz
1334 165 1551 220 σύμμαχοι
1680 171 1689 204 1⁴

80 229 185 290 Χζὲῌ
203 231 260 285 μὴ
294 239 522 286 φρουραῖς,
553 231 662 273 ἀλλὰ
692 237 752 289 τῷ
777 232 912 273 ταύτὰ
939 233 1181 287 συμφέρειν
1205 233 1311 286 ὑμῖν
1336 234 1551 285 κάκείνοις

206 298 315 343 ὦσιν
341 302 506 357 οἰκεῖοι,
531 300 670 344 ἔπειθ’
698 304 737 344 οἱ
760 304 992 357 στρατηγοὶ
1012 304 1068 358 μὴ
1090 303 1240 354 ξένους
1260 303 1431 360 ἔχοντες
1450 308 1550 356 τοὺς

101 384 186 409 L113
205 373 285 425 μὲν
318 373 568 428 συμμάχους
602 374 739 426 ἄγωσι
770 374 842 415 καὶ
875 373 1054 429 φέρωσι,
1085 376 1186 424 τοὺς
1219 375 1267 417 δὲ
1298 376 1551 434 πολεμίουςΙ

207 441 304 498 μηδ’
337 443 513 499 ὁρῶσιν,
539 442 613 498 ἀφ’
643 441 705 485 ὧν
725 445 768 486 αἱ
788 444 869 497 μὲν
889 445 1094 499 ὠφέλειαι
1113 446 1283 488 τούτων
1303 447 1415 488 εἰσὶν
1435 447 1554 502 ἰ’διαι,
1568 452 1650 488 ’168

206 515 259 556 τὰ
285 515 333 556 δὲ
352 516 455 569 μίση
476 515 548 556 καὶ
568 515 620 556 τὰ
640 513 866 568 ἐγκλήματ’
893 513 961 570 ἐφ’
988 517 1096 570 ὅλην
1120 514 1289 572 ἔρχεται
1308 518 1389 571 τὴν
1413 518 1555 573 πόλιν,
1574 537 1590 562 ε

209 585 317 627 ἀλλὰ
343 587 521 635 πολίτας
540 587 643 635 τοὺς
664 585 1022 636 ἀκολουθοῦντας
1043 585 1214 642 ἔχοντες
1233 589 1336 637 τοὺς
1356 586 1555 643 ἐχθρούς,

163 668 180 697 τ
209 657 235 698 ἃ
266 662 352 698 νῦν
383 658 485 706 τοὺς
519 657 694 711 φίλους,
730 664 927 699 ποιῶσιν.
977 658 1106 712 χωρὶς
1139 658 1187 700 δὲ
1216 659 1387 700 τούτων
1418 660 1556 701 πολλὰ

210 734 298 768 τῶν
317 727 583 781 πραγμάτων
602 729 682 782 τὴν
701 727 916 782 ὑμετέραν
935 733 1068 770 ποθεῖ
1087 730 1346 784 παρουσίαν,
1365 730 1435 772 καὶ
1449 731 1555 772 ἄνευ

211 804 288 840 τοῦ
322 799 429 852 πρὸς
461 800 563 848 τοὺς
590 800 777 848 οἰκείους
802 799 1018 851 πολέμους
1045 801 1183 857 οἰκείᾳ
1206 805 1399 855 χρῆσθαι
1425 801 1558 844 δυνά-
1579 820 1612 845 ιο

211 885 279 921 μει
302 869 556 923 συμφέρειν,
575 870 646 910 καὶ
667 871 774 924 πρὸς
793 871 928 911 τᾶλλα
942 869 1154 925 πράγματ’
1175 870 1414 925 ἀναγκαῖόν
1428 871 1559 916 ἐστιν.

213 941 249 982 εἰ
281 941 361 992 μὲν
393 941 476 994 γὰρ
509 941 696 995 ἡσυχίαν
727 938 843 995 ἔχειν
873 941 980 994 ὑμῖν
1013 941 1175 997 ἀπέχρη
1208 942 1280 984 καὶ
1311 943 1448 997 μηδὲν
1471 951 1561 985 τῶν

207 1014 475 1065 Ἑλληνικῶν
500 1009 832 1066 περιηργάζεσθ’
859 1013 973 1061 ὅπως
994 1010 1093 1067 ἔχει,
1118 1013 1247 1062 ἄλλος
1268 1012 1322 1054 ἂν
1341 1011 1396 1067 ἦν
1417 1015 1561 1068 λόγος·

167 1094 186 1123 S
213 1089 298 1124 νῦν
331 1082 378 1124 δὲ
409 1083 650 1136 πρωτεύειν
682 1083 762 1135 μὲν
787 1083 910 1135 ὑμεῖς
937 1082 1110 1133 ἀξιοῦτε
1134 1084 1207 1125 καὶ
1231 1084 1284 1125 τὰ
1311 1082 1440 1126 δίκαι’
1472 1084 1562 1139 ὁρί·

214 1157 301 1205 ζειν
327 1161 416 1203 τοῖς
444 1154 604 1208 ἄλλοις,
636 1154 716 1208 τὴν
742 1154 790 1195 δὲ
815 1151 934 1195 ταῦτ’
967 1153 1301 1209 ἐφοδεύσουσαν
1325 1155 1398 1197 καὶ
1424 1155 1563 1209 φυλά-
1585 1174 1615 1199 15

214 1224 378 1274 ξουσαν
399 1224 589 1276 δύναμιν
609 1225 709 1266 οὔτε
729 1223 1041 1267 κατεσκεύασθ’
1062 1225 1162 1268 οὔτε
1179 1226 1564 1280 κατασκευάζεσθε,

215 1293 305 1336 ἀλλ’
346 1293 414 1336 ἐπὶ
446 1299 608 1348 πολλῆς
640 1296 719 1348 μὲν
751 1297 931 1351 ἡσυχίας
963 1296 1034 1337 καὶ
1061 1295 1237 1351 ἐρημίας
1262 1297 1387 1349 ὑμῶν
1413 1297 1435 1339 ὁ
1463 1301 1564 1339 Mv-

215 1367 451 1420 τιληναίων
484 1367 617 1419 δῆμος
649 1367 946 1421 καταλέλυται,
978 1365 1046 1408 ἐπὶ
1075 1371 1237 1422 πολλῆς
1264 1365 1300 1409 δ’
1333 1368 1514 1422 ἡσυχίας
1541 1368 1562 1409 ὁ

209 1435 401 1491 Ῥοδίων,
433 1435 591 1492 ἐχθρός
624 1435 662 1490 γ’
702 1438 764 1479 ὢν
795 1438 913 1492 ἡμῖν,
945 1440 1053 1493 φαίη
1085 1454 1148 1488 τις
1181 1439 1253 1480 ἄν·
1297 1438 1406 1480 ἀλλὰ
1436 1440 1562 1491 μείζω

87 1522 142 1546 xv
158 1523 189 1547 ιτ
216 1510 297 1564 χρὴ
329 1509 522 1561 νομίζειν
555 1505 587 1548 ὦ
621 1508 777 1559 ἄνδρες
800 1506 1026 1562 Ἀθηναῖοι
1051 1510 1132 1563 τὴν
1157 1509 1265 1564 πρὸς
1291 1510 1365 1558 τὰς
1392 1509 1566 1564 ὀλιγαρ-
1585 1528 1619 1553 20

217 1582 310 1635 χίας
345 1579 454 1634 ὑπὲρ
488 1579 619 1632 αὐτῆς
651 1585 725 1633 τῆς
757 1579 1047 1634 προαιρέσεως
1085 1578 1253 1635 ἔχθραν
1283 1580 1308 1634 ἢ
1341 1583 1422 1634 τὴν
1457 1581 1566 1635 πρὸς

173 1664 191 1693 9
218 1652 320 1699 τοὺς
347 1651 510 1703 δήμους
543 1650 651 1704 ὑπὲρ
684 1647 747 1691 ὧν
778 1647 871 1691 ποτ’
904 1650 959 1692 ἂν
983 1644 1021 1708 ᾗ.
1066 1648 1157 1692 ἀλλ’
1189 1648 1245 1692 ἵν’
1279 1649 1404 1692 ἐκεῖσ’
1438 1649 1567 1693 ἐπαν-

93 1735 191 1759 11135
220 1721 350 1775 έλθω,
382 1720 492 1775 φημὶ
520 1720 614 1761 δεῖν
639 1720 748 1772 ὑμᾶς
776 1720 1086 1776 συντετάχθαι,
1117 1721 1188 1762 καὶ
1219 1722 1299 1776 τὴν
1325 1721 1463 1776 αὐτὴν
1487 1728 1565 1764 τοῦ

132 1806 194 1830 1-20
220 1808 266 1834 τε
305 1795 456 1845 λαβεῖν
494 1792 565 1832 καὶ
603 1797 681 1833 τοῦ
720 1799 864 1833 ποιεῖν
902 1792 928 1833 ἑὲ
960 1794 1169 1846 προσήκει
1202 1792 1410 1842 σύνταξιν
1441 1787 1566 1834 εἶναι.

223 1863 456 1918 διελέχθην
489 1860 526 1903 δ’
558 1862 664 1914 ὑμῖν
690 1863 788 1917 περὶ
813 1863 982 1904 τούτων
1008 1863 1079 1904 καὶ
1105 1864 1332 1918 πρότερον,
1357 1864 1428 1905 καὶ
1455 1862 1565 1914 διεξ-
1586 1882 1619 1909 25

221 1938 365 1988 ῆλθον
392 1934 447 1983 ὡς
475 1932 530 1974 ἂν
551 1935 878 1988 συνταχθείητε,
904 1934 948 1975 οἵ
975 1930 1019 1974 θ’
1055 1933 1226 1975 ὁπλῖται
1254 1934 1326 1976 καὶ
1355 1935 1396 1976 οῖ
1427 1935 1568 1984 ἱππεῖς

222 2006 292 2047 καὶ
326 2006 421 2047 ὅσοι
452 2005 621 2046 τούτων
654 2003 773 2054 ε’κτός
806 2003 914 2059 ἐστε,
944 2005 1015 2046 καὶ
1047 2004 1229 2057 εὐπορία
1259 2020 1324 2054 τις
1357 2004 1410 2046 ἂν
1436 2005 1569 2047 ἅπασι

152 2090 195 2121 10
222 2076 393 2131 γένοιτο
429 2077 566 2129 κοινή.
621 2076 643 2117 ὃ
683 2075 734 2117 δέ
768 2092 841 2128 μοι
877 2077 1085 2129 πλείστην
1120 2075 1318 2128 ἀθυμίαν
1355 2075 1570 2131 παρέσχεν

107 2162 149 2185 τι
165 2163 196 2187 31
224 2147 441 2201 ἁπάντων,
467 2146 549 2200 ἐρῶ
576 2148 683 2201 πρὸς
710 2147 820 2200 ὑμᾶς
846 2148 917 2189 καὶ
937 2147 1017 2190 οὐκ
1037 2146 1356 2202 ἀποκρύψομαι,
1382 2148 1448 2189 ὅτι
1466 2151 1570 2189 πολ-

226 2223 315 2261 λῶν
334 2219 405 2261 καὶ
424 2220 624 2274 μεγάλων
644 2220 714 2261 καὶ
735 2223 880 2261 καλῶν
899 2221 1040 2261 ὄντων
1059 2220 1229 2261 τούτων
1249 2219 1465 2273 ἁπάντων,
1483 2225 1571 2261 τῶν
1590 2237 1624 2262 30
