1689 2531
102 98 142 142 x]
546 97 673 130 ΚΑΤΑ
698 97 950 130 ΦΙΛΙΠΠΟΤ
975 98 1005 130 Δ
1363 95 1445 137 125

94 194 119 247 ἡ
152 192 262 247 ὑπὲρ
288 199 376 234 τῶν
400 191 675 246 γιγνομένων
701 193 905 247 αἰσχύνη,
933 192 1004 234 καὶ
1029 193 1155 245 μείζω
1182 192 1339 245 ταύτης
1366 191 1445 232 οὐκ

95 260 176 305 οἶδ’
219 261 358 318 ἥντιν’
402 262 456 304 ἂν
494 263 608 304 εἴποι
646 277 726 313 τις·
761 264 905 320 δούλῳ
938 263 986 305 δὲ
1017 264 1178 317 πληγαὶ
1209 263 1280 305 καὶ
1307 263 1328 305 ὁ
1367 268 1445 304 τοῦ

96 335 290 387 σώματος
315 335 524 388 αἰκισμός,
550 334 572 375 ὃ
599 335 704 388 μήτε
730 332 887 388 γένοιτ’
920 334 1021 376 οὔτε
1047 334 1191 388 λέγειν
1217 333 1350 384 ἄξιον.

160 406 217 447 Τὸ
246 405 326 458 μὲν
356 406 510 446 τοίνυν
542 401 574 445 ὦ
614 405 769 459 ἄνδρες
791 403 1016 459 Ἀθηναῖοι
1053 406 1160 459 πρὸς
1192 406 1244 446 τὰ
1278 401 1439 446 τοιαῦτ’
1474 415 1516 446 28

59 494 75 520 5
96 476 289 530 ὀκνηρῶς
316 476 583 530 διακεῖσθαι,
609 475 634 517 ἑὲ
661 476 727 517 δεῖ
751 483 842 525 τοῖς
869 476 1036 529 σώμασι
1061 476 1132 517 καὶ
1158 483 1250 525 ταῖς
1277 475 1444 525 οὐσίαις

95 551 387 603 λῃτουργῆσαι
422 545 623 601 ἕκαστον,
661 545 752 588 ἐστὶ
789 547 869 600 μὲν
901 547 980 589 οὐκ
1013 547 1158 601 ὀρθῶς
1191 545 1310 601 ἔχον,
1342 547 1446 588 οὐδὲ

94 621 259 659 πολλοῦ
280 618 359 672 δεῖ,
378 617 430 659 οὐ
450 618 537 672 μὴν
556 615 649 659 ἀλλ’
675 615 762 672 ἔχει
788 618 887 660 τινὰ
913 618 1137 672 πρόφασιν
1165 618 1296 670 ὅμως·
1322 618 1370 659 τὸ
1398 618 1446 659 δὲ

94 686 192 743 μηδ’
224 685 287 730 ὅσ’
319 687 502 730 ἀκοῦσαι
535 689 602 730 δεῖ
632 687 729 742 μηδ’
761 690 841 730 ὅσα
871 689 1200 742 βουλεύσασθαι
1226 690 1447 743 προσήκει,

23 763 73 799 39
93 759 201 813 μηδὲ
237 756 355 800 ταῦτ’
395 758 566 801 ἐθέλειν
605 759 840 814 [ἀκούειν],
877 758 992 801 τοῦτ’
1035 760 1118 814 ἤδη
1157 765 1302 801 πᾶσαν
1327 758 1331 815 Ι
1358 758 1448 801 ἐπι-

34 849 75 880 ,ιο
95 830 262 885 δέχεται
288 831 563 884 κατηγορίαν.
606 830 727 882 ὑμεῖς
754 833 908 872 τοίνυν
934 831 1014 872 οὐκ
1040 830 1230 885 ἀκούειν,
1262 830 1367 884 πρὶν
1393 829 1448 872 ἂν
1474 841 1516 872 29

94 901 237 954 ὥσπερ
270 907 356 943 νῦν
387 901 497 942 αὐτὰ
530 907 645 956 παρῇ
671 902 723 942 τὰ
749 902 996 956 πράγματα,
1028 902 1125 957 οὐχὶ
1151 901 1446 955 βουλεύεσθαι

93 971 192 1026 περὶ
219 971 398 1021 οὐδενὸς
425 970 599 1014 εἰώθατ’
626 970 693 1026 ἐφ’
720 973 912 1027 ἡσυχίας,
938 970 1030 1014 ἀλλ’
1057 973 1162 1015 ὅταν
1185 973 1265 1024 μὲν
1285 971 1447 1022 ἐκεῖνος

94 1043 477 1097 παρασκευάζηται,
509 1042 798 1096 ἀμελήσαντες
824 1050 902 1085 τοῦ
923 1050 1066 1085 ποιεῖν
1087 1044 1217 1085 ταύτὸ
1239 1043 1310 1084 καὶ
1330 1042 1448 1084 ἀντι-

95 1113 500 1168 παρασκευάζεσθαι
521 1113 770 1170 ῥαθυμεῖτε,
784 1114 854 1155 καὶ
875 1115 930 1155 ἄν
944 1130 984 1156 τι
999 1113 1101 1170 λέγῃ
1116 1130 1194 1168 τις,
1208 1113 1448 1168 ἐκβάλλετε,

42 1202 74 1228 15
96 1183 272 1226 ἐπειδὰν
293 1182 330 1226 δ’
350 1184 573 1234 ἀπολωλὸς
592 1184 618 1238 ἢ
638 1186 1013 1239 πολιορκούμενόν
1030 1201 1071 1227 τι
1085 1185 1307 1239 πύθησθε,
1321 1184 1447 1239 ἀκρο-
1461 1197 1538 1221 VIII
1553 1199 1583 1222 11

95 1258 208 1297 ᾶσθε
252 1256 322 1297 καὶ
365 1255 763 1309 παρασκευάζεσθε·
807 1253 862 1309 ἧν
907 1253 942 1297 δ’
993 1255 1225 1309 ἀκηκοέναι
1259 1256 1339 1308 μὲν
1378 1256 1448 1296 καὶ
1476 1268 1519 1298 30

94 1328 419 1379 βεβουλεῦσθαι
445 1327 542 1367 τότε
566 1328 727 1380 καιρός,
754 1325 825 1368 ὅθ’
856 1327 978 1379 ὑμεῖς
1005 1327 1086 1368 οὐκ
1104 1326 1298 1381 ἠθέλετε,
1316 1326 1447 1380 πράτ-

95 1412 186 1438 τειν
218 1397 266 1438 δὲ
297 1397 369 1438 καὶ
401 1400 591 1452 χρῆσθαι
627 1405 716 1446 τοῖς
748 1397 1170 1451 παρεσκευασμένοις
1196 1403 1300 1451 νῦν,
1331 1395 1442 1451 ἡνίκ’

96 1467 285 1510 ἀκούετε.
334 1473 571 1521 τοιγαροῦν
609 1466 653 1509 ἐκ
687 1475 774 1509 τῶν
805 1468 1018 1510 τοιούτων
1050 1467 1169 1509 ἐθῶν
1200 1469 1327 1520 μόνοι
1359 1475 1448 1509 τῶν

42 1555 75 1582 20
95 1538 271 1580 πάντων
297 1537 548 1592 ἀνθρώπων
567 1538 688 1590 ὑμεῖς
709 1547 798 1588 τοῖς
825 1540 971 1588 ἄλλοις
992 1538 1255 1581 τούναντίον
1274 1546 1447 1581 ποιεῖτε·

96 1610 136 1650 oz
161 1609 241 1661 μὲν
266 1610 348 1663 γὰρ
377 1610 500 1651 ἄλλοι
526 1611 610 1662 πρὸ
636 1617 723 1650 τῶν
749 1610 1014 1663 πραγμάτων
1043 1610 1226 1651 εἰώθασι
1256 1613 1446 1664 χρῆσθαι
1474 1622 1525 1647 v2

94 1684 152 1736 τῷ
173 1680 478 1733 βουλεύεσθαι,
508 1680 629 1732 ὑμεῖς
657 1681 704 1721 δὲ
730 1681 835 1732 μετὰ
860 1681 912 1722 τὰ
937 1680 1176 1734 πράγματα.

144 1748 197 1792 “Ο
230 1751 283 1804 δὴ
318 1751 473 1792 λοιπόν
506 1749 608 1805 ἐστι,
640 1752 710 1792 καὶ
742 1751 874 1792 πάλαι
906 1751 986 1803 μὲν
1011 1749 1113 1806 ἔδει,
1146 1752 1376 1805 διαφεύγει
1403 1749 1440 1792 δ’
1475 1763 1515 1793 31

97 1820 200 1862 οὐδὲ
238 1827 336 1875 νῦν,
374 1819 488 1862 τοῦτ’
536 1820 630 1875 ἐρῶ.
681 1821 862 1871 οὐδενὸς
893 1829 981 1863 τῶν
1012 1822 1190 1864 πάντων
1221 1822 1358 1872 οὕτως
1391 1822 1447 1871 ὡς

45 1909 77 1935 25
98 1891 328 1946 χρημάτων
361 1892 428 1933 δεῖ
452 1899 503 1946 τῇ
530 1893 653 1933 πόλει
679 1893 786 1946 πρὸς
814 1893 866 1934 τὰ
892 1899 976 1934 νῦν
1003 1891 1181 1934 ἐπιόντα
1207 1892 1446 1946 πράγματα.

99 1962 344 2015 συμβέβηκε
377 1962 414 2003 δ’
454 1961 707 2017 εὐτυχήματ’
747 1962 830 2004 ἀπὸ
856 1963 1142 2017 ταύτομάτου,
1175 1957 1238 2012 οἷς
1266 1962 1320 2004 ἂν
1346 1979 1445 2017 χρη-

100 2030 261 2085 σώμεθ’
294 2034 452 2087 ὀρθῶς,
478 2033 579 2082 ἴσως
607 2033 661 2074 ἂν
686 2033 858 2086 γένοιτο
885 2035 936 2075 τὰ
963 2033 1129 2076 δέοντα.
1174 2041 1348 2088 πρῶτον
1368 2034 1447 2086 μὲν

97 2104 180 2157 γὰρ
208 2097 272 2153 οἷς
298 2106 502 2157 βασιλεὺς
529 2105 722 2146 πιστεύει
748 2105 819 2145 καὶ
840 2105 1065 2159 εὐεργέτας
1085 2105 1328 2158 ὑπείληφεν
1349 2103 1448 2146 ἑαυ-

98 2180 191 2228 τοῦ,
225 2171 346 2216 οὗτοι
382 2180 559 2225 μισοῦσι
596 2175 665 2215 καὶ
700 2178 939 2226 πολεμοῦσι
979 2176 1192 2231 Φιλίππῳ.
1243 2173 1381 2216 ἔπειθ’
1421 2175 1443 2216 ὁ
1473 2187 1515 2217 32

47 2261 82 2286 3ο
101 2245 302 2298 πράττων
332 2245 404 2286 καὶ
437 2246 647 2294 συνειδὼς
681 2243 842 2287 ἅπανθ’
882 2245 907 2287 ἃ
939 2247 1152 2295 Φίλιππος
1184 2247 1291 2287 κατὰ
1321 2248 1445 2300 βασι-
