1689 2531
79 62 172 106 m]
536 60 651 93 ΠΕΡΙ
675 59 968 97 ΣΤΝΤΑΞΕῼΣ
1026 100 1029 106 ,
1337 60 1419 101 157

81 154 118 198 δ’
150 154 183 198 ὦ
215 156 371 211 ἄνδρες
387 152 612 209 Ἀθηναῖοι
644 155 846 210 φθόρους
872 154 1137 210 ἀνθρώπους
1163 157 1422 210 οἰκοτρίβων

0 209 2 266 ᾗ
80 228 339 282 οἰκότριβας,
369 227 498 281 τιμὴν
528 226 672 280 ὥσπερ
705 226 840 267 ἄλλου
871 241 950 267 του
976 233 1065 268 τῶν
1090 226 1235 268 ὠνίων
1261 227 1422 281 λαμβά-

0 274 2 353 y
79 313 248 352 νοντες,
284 301 485 339 ποιεῖσθε
528 297 716 346 πολίτας.
777 302 913 338 ταῦτα
957 295 994 338 δ’
1036 295 1142 350 ὑμῖν
1179 296 1422 351 ἐπελήλυθε
1449 309 1491 339 ‘25

78 368 296 423 πράττειν,
327 367 407 423 οὐχ
439 367 506 409 ὅτι
535 368 611 417 τὰς
643 368 798 422 φύσεις
830 369 1002 423 χείρους
1028 367 1123 410 ἐστὲ
1147 375 1236 410 τῶν
1261 370 1420 423 προγό-
1440 357 1527 423 gffiq,

45 456 61 482 5
81 455 185 494 νων,
225 436 316 480 ἀλλ’
359 439 424 481 ὅτι
461 445 552 488 τοῖς
589 438 670 492 μὲν
708 436 775 492 ἐφ’
819 437 966 488 αὑτοῖς
1003 441 1278 493 παρειστήκει
1315 438 1424 494 μέγα

81 517 283 565 φρονεῖν,
336 507 460 562 ὑμῶν
508 507 546 550 δ’
601 506 634 550 ὦ
684 510 840 562 ἄνδρες
894 509 1116 564 Ἀθηναῖοι
1170 507 1424 569 περιῄρηται

80 586 222 623 τοῦτο.
277 578 369 622 ἔστι
413 578 450 622 δ’
501 577 700 622 οὐδέποτ’
750 575 868 632 οἶμαι
930 581 1123 622 δυνατὸν
1174 581 1304 635 μικρὰ
1353 581 1424 623 καὶ
1449 592 1545 618 11132

82 654 230 706 φαῦλα
260 651 528 705 πράττοντας
559 650 668 705 μέγα
698 652 770 692 καὶ
801 652 1006 693 νεανικὸν
1032 653 1236 706 φρόνημα
1262 654 1425 706 λαβεῖν,

82 722 225 777 ὥσπερ
265 722 370 764 οὐδὲ
408 722 580 777 λαμπρὰ
617 723 688 763 καὶ
719 723 830 764 καλὰ
867 722 1134 776 πράττοντας
1165 724 1323 777 μικρὸν
1353 723 1424 764 καὶ

31 810 65 835 10
85 794 292 835 ταπεινὸν
318 799 520 847 φρονεῖν·
558 791 669 835 ὁποῖ’
702 794 807 834 ἄττα
832 793 914 847 γὰρ
942 792 997 834 ἂν
1033 794 1085 835 τὰ
1111 792 1425 847 ἐπιτηδεύματα

83 870 172 906 τῶν
214 863 466 919 ἀνθρώπων
507 858 552 922 ᾗ,
594 870 798 906 τοιοῦτον
834 863 999 918 ἀνάγκη
1037 864 1108 905 καὶ
1145 865 1194 906 τὸ
1233 862 1419 918 φρόνημ’

83 932 210 989 ἔχειν.

143 1003 381 1055 Σκέψασθε
412 1002 449 1046 δ’
482 1005 508 1046 ἅ
533 1020 597 1055 τις
621 1002 818 1059 κεφάλαι’
851 1004 905 1046 ἂν
935 1003 1026 1059 ἔχοι
1051 1012 1140 1047 τῶν
1164 1006 1428 1060 πραγμάτων

86 1077 236 1129 εἰπεῖν,
261 1072 316 1117 ἵν’
342 1074 606 1125 ἀκούσαντες
631 1083 719 1117 τῶν
743 1073 778 1117 τ’
811 1075 992 1125 ἐκείνοις
1017 1076 1333 1131 πεπραγμένων
1357 1077 1429 1118 καὶ

0 1149 67 1186 [74
87 1152 174 1187 τῶν
211 1145 317 1198 ὑμῖν
349 1162 394 1183 ιι*
433 1145 488 1187 ἂν
522 1145 587 1200 ἄρ’
625 1146 749 1199 ὑμῶν
772 1174 773 1197 3
798 1146 944 1188 αὐτῶν
975 1144 1066 1188 ἀλλ’
1105 1145 1150 1188 ἐκ
1180 1147 1350 1189 τούτων
1380 1163 1429 1202 γε

37 1234 69 1259 16
90 1217 289 1270 δύνησθε
313 1216 534 1271 γενέσθαι.
560 1217 687 1259 πέντε
712 1217 792 1269 μὲν
817 1217 889 1258 καὶ
914 1216 1212 1272 τετταράκοντ’
1243 1216 1315 1272 ἔτη
1341 1225 1429 1260 τῶν
1454 1231 1550 1256 11124

82 1285 305 1341 “Ελλήνων
334 1284 471 1341 ἧρξαν
503 1286 692 1329 ἑκόντων
719 1287 889 1341 ἐκεῖνοι,
919 1289 1052 1329 πλείω
1080 1286 1117 1329 δ’
1146 1287 1173 1342 ἢ
1199 1289 1333 1343 μύρια
1358 1289 1430 1330 τά-

90 1357 207 1400 λαντ’
240 1359 300 1408 εἰς
331 1359 412 1412 τὴν
443 1358 682 1412 ἀκρόπολιν
713 1358 948 1412 ἀνήγαγον,
981 1359 1121 1400 πολλὰ
1152 1359 1199 1401 δὲ
1225 1360 1296 1400 καὶ
1321 1360 1431 1401 καλὰ

87 1429 159 1470 καὶ
184 1431 286 1484 πεζῇ
311 1429 383 1470 καὶ
407 1435 731 1484 ναυμαχοῦντες
758 1427 944 1483 ἔστησαν
968 1430 1165 1484 τρόπαια,
1191 1428 1258 1484 ἐφ’
1284 1424 1348 1480 οἷς
1368 1428 1431 1472 ἔτι

36 1518 70 1542 20
89 1499 161 1541 καὶ
194 1506 280 1541 νῦν
314 1500 434 1554 ἡμεῖς
470 1501 831 1554 φιλοτιμούμεθα.
874 1501 1014 1542 καίτοι
1052 1498 1233 1553 νομίζετ’
1271 1501 1430 1551 αὐτοὺς
1456 1514 1511 1538 xv
1525 1514 1557 1540 35

88 1576 224 1612 ταῦτα
259 1577 432 1626 στῆσαι,
459 1571 538 1625 οὐχ
573 1571 646 1612 ἵνα
680 1571 969 1623 θαυμάζωμεν
1002 1572 1122 1625 ἡμεῖς
1156 1575 1430 1626 θεωροῦντες

89 1641 211 1696 αὐτά,
236 1639 328 1683 ἀλλ’
354 1642 427 1682 ἵνα
446 1642 517 1682 καὶ
536 1642 767 1693 μιμώμεθα
786 1642 861 1690 τὰς
881 1649 968 1683 τῶν
988 1641 1246 1684 ἀναθέντων
1266 1641 1430 1697 ἀρετάς.

90 1710 248 1754 ἐκεῖνοι
273 1712 353 1764 μὲν
373 1713 426 1766 δὴ
446 1718 598 1753 ταῦτα·
624 1713 744 1765 ἡμεῖς
771 1710 826 1766 δ’,
852 1713 954 1766 ὅσης
981 1713 1166 1763 ἅπαντες
1192 1711 1308 1767 ὁρᾶτ’
1335 1713 1431 1768 ἐρη-
1457 1726 1499 1755 ‘27

90 1783 188 1834 μίας
221 1781 537 1837 ἐπειλημμένοι,
573 1780 785 1833 σκέψασθ’
817 1784 854 1824 εἰ
886 1785 1175 1837 παραπλήσια.
1213 1784 1265 1826 οὐ
1298 1773 1573 1826 alelmum-‘⁸4

37 1870 70 1897 25
90 1853 170 1905 μὲν
194 1852 219 1906 ἢ
246 1854 362 1907 χίλια
387 1854 458 1894 καὶ
483 1855 744 1895 πεντακόσια
766 1852 937 1895 τάλαντ’
963 1853 1179 1907 ἀνήλωται
1205 1855 1344 1908 μάτην
1370 1857 1430 1905 εἰς
1440 1867 1574 1892 1⁸.V119

91 1926 194 1973 τοὺς
218 1931 306 1965 τῶν
324 1922 547 1978 Ἑλλήνων
572 1924 776 1978 ἀπόρους,
807 1923 1097 1978 ἐξανήλωνται
1124 1923 1161 1966 δ’
1193 1926 1238 1967 οἳ
1259 1923 1295 1966 τ’
1327 1926 1433 1968 ἴδιοι

93 1995 250 2044 πάντες
282 1989 393 2036 οἶκοι
427 1995 515 2049 [καὶ
541 1996 593 2036 τὰ
618 1995 762 2049 κοινὰ]
794 2001 846 2050 τῇ
877 1997 1000 2036 πόλει
1031 1996 1103 2037 καὶ
1127 1996 1180 2037 τὰ
1204 1997 1321 2050 παρὰ
1345 2003 1434 2038 τῶν

94 2065 343 2119 συμμάχων,
371 2065 446 2115 οὓς
473 2063 510 2107 δ’
537 2064 585 2107 ἐν
608 2070 665 2122 τῷ
686 2065 857 2121 πολέμῳ
879 2065 1128 2120 συμμάχους
1149 2065 1433 2122 ἐκτησάμεθα,

95 2132 218 2177 οὗτοι
241 2141 328 2177 νῦν
353 2135 401 2177 ἐν
425 2143 477 2191 τῇ
497 2137 647 2193 εἰρήνῃ
668 2136 962 2187 ἀπολώλασιν;
988 2136 1097 2178 ἀλλὰ
1116 2137 1170 2191 νὴ
1190 2139 1279 2179 Δία
1299 2144 1434 2180 ταῦτα
1459 2149 1502 2179 28

41 2223 76 2248 ³0
95 2206 233 2259 μόνον
258 2206 345 2248 τότ’
372 2202 457 2261 εἶχε
483 2206 658 2260 βέλτιον
682 2206 708 2260 ἣ
733 2213 832 2262 νῦν,
857 2208 908 2248 τὰ
935 2206 973 2248 δ’
1004 2208 1113 2249 ἄλλα
1138 2215 1295 2262 χεῖρον.
1330 2213 1433 2251 πολ-
1459 2221 1505 2245 ΙΙΙ
1521 2222 1554 2246 29

1453 1018 1502 1090 εε,
