1689 2531
47 822 79 847 10

47 1175 80 1200 15

47 1528 81 1554 80

31 1656 81 1691 50

100 72 160 118 IV]
543 73 669 105 ΚΑΤΑ
696 74 801 105 ΦΙΛΙ
809 73 952 106 ΠΠΟΤ
977 74 1008 106 A
1386 73 1442 115 45

102 167 305 223 ἀσφαλές,
328 168 436 223 πρὸς
462 168 572 224 αὐτῇ
597 174 648 223 τῇ
674 168 792 225 χώρα
816 168 888 210 καὶ
907 169 1014 223 πρὸς
1039 175 1129 218 τοῖς
1155 176 1243 211 τῶν
1269 167 1444 224 ἐμπορί-

103 255 166 280 ων
191 240 373 291 στόμασι
400 238 559 296 ῥαδίως
586 237 716 280 ἔσται.

163 307 205 352 Ἄ
236 309 316 362 μὲν
348 307 430 351 οὖν
461 312 664 365 χρήσεται
697 309 768 351 καὶ
793 311 897 351 πότε
922 316 973 365 τῇ
1001 310 1197 363 δυνάμει,
1223 311 1340 365 παρὰ
1367 313 1443 353 τὸν

101 381 255 435 καιρὸν
286 379 308 422 ὁ
341 381 510 422 τούτων
547 380 696 432 κύριος
735 381 946 430 καταστὰς
983 377 1059 432 ὑφ’
1098 380 1222 433 ὑμῶν
1259 382 1443 435 βουλεύ-

102 462 238 493 σεται·
265 451 290 492 ἃ
317 448 354 492 δ’
380 449 567 505 ὑπάρξαι
595 451 661 492 δεῖ
682 449 781 505 παρ’
807 450 943 505 ὑμῶν,
968 448 1086 492 ταῦτ’
1113 449 1232 493 ἐστὶν
1258 451 1347 506 ἁγὼ
1374 453 1442 507 γέ-

100 537 258 577 γραφα.
295 520 349 563 ἂν
375 519 491 562 ταῦτ’
525 518 556 562 ὦ
584 522 740 575 ἄνδρες
766 521 988 575 Ἀθηναῖοι
1020 523 1238 576 πορίσητε,
1263 523 1316 564 τὰ
1341 526 1443 578 χρή-

100 608 211 645 ματα
245 599 419 647 πρῶτον
455 592 584 646 λέγω,
621 588 713 633 εἶτα
746 592 816 633 καὶ
854 593 989 634 τᾶλλα
1023 593 1442 648 παρασκευάσαντες,

99 664 201 713 τοὺς
216 663 490 717 στρατιώτας,
509 663 583 712 τὰς
603 664 804 717 τριήρεις,
824 665 925 712 τοὺς
944 662 1109 718 ἱππέας,
1129 661 1278 718 ἐντελῆ
1298 670 1442 706 πᾶσαν

99 735 180 788 τὴν
206 734 396 786 δύναμιν
421 734 539 789 νόμῳ
565 731 859 787 κατακλείσητ’
893 732 961 774 ἐπὶ
992 739 1051 790 τῷ
1079 733 1251 791 πολέμῳ
1283 735 1443 790 μένειν,

99 811 187 846 τῶν
223 804 304 857 μὲν
340 804 570 859 χρημάτων
608 803 733 845 αὐτοὶ
769 805 917 856 ταμίαι
954 805 1024 845 καὶ
1062 806 1265 859 πορισταὶ
1298 807 1443 860 γιγνό-

99 891 235 929 μενοι,
266 882 353 917 τῶν
386 875 434 916 δὲ
459 874 657 929 πράξεων
688 875 804 928 παρὰ
829 880 906 916 τοῦ
935 881 1178 928 στρατηγοῦ
1204 877 1283 917 τὸν
1310 877 1442 930 λόγον

101 949 337 1000 ζητοῦντες,
363 943 577 987 παύσεσθ’
609 945 693 986 αἰεὶ
718 945 818 999 περὶ
844 952 931 986 τῶν
957 945 1102 986 αὐτῶν
1127 948 1441 999 βουλευόμενοι

100 1017 171 1058 καὶ
195 1015 330 1058 πλέον
357 1016 489 1058 οὐδὲν
514 1022 754 1069 ποιοῦντες,
785 1016 856 1057 καὶ
883 1014 943 1057 ἔτι
970 1016 1077 1070 πρὸς
1103 1017 1241 1073 τούτῳ
1268 1025 1442 1072 πρῶτον

100 1088 180 1140 μὲν
211 1084 243 1128 ὦ
277 1088 433 1141 ἄνδρες
458 1087 679 1140 Ἀθηναῖοι
711 1087 789 1128 τὸν
820 1086 1026 1141 μέγιστον
1056 1094 1144 1128 τῶν
1171 1086 1339 1130 ἐκείνου
1366 1091 1442 1130 πό-

101 1174 191 1211 ρων
216 1157 529 1213 ἆφαιρήσεσθε.
560 1155 652 1198 ἔστι
680 1155 716 1198 δ’
743 1154 869 1206 οὗτος
895 1158 978 1208 τίς;
1004 1157 1088 1199 ἀπὸ
1108 1164 1197 1199 τῶν
1221 1158 1442 1213 ὑμετέρων

99 1228 204 1281 ὑμῖν
230 1231 407 1281 πολεμεῖ
433 1228 681 1282 συμμάχων,
707 1229 826 1281 ἄγων
852 1228 922 1269 καὶ
943 1227 1090 1283 φέρων
1111 1230 1211 1278 τοὺς
1231 1229 1441 1279 πλέοντας

99 1300 180 1354 τὴν
205 1299 440 1340 θάλατταν.
476 1297 621 1340 ἔπειτα
640 1300 684 1340 τί
700 1299 807 1353 πρὸς
828 1299 985 1355 τούτςο;
1012 1305 1089 1340 τοῦ
1109 1299 1292 1354 πάσχειν
1317 1299 1442 1342 αὐτοὶ

99 1376 238 1419 κακῶς
264 1367 343 1419 ἔξω
370 1372 624 1423 γενήσεσθε,
657 1369 735 1424 οὐχ
765 1370 908 1423 ὥσπερ
935 1370 1013 1411 τὸν
1038 1371 1317 1424 παρελθόντα
1342 1372 1442 1426 χρό-

99 1456 181 1482 νον
207 1442 267 1490 εἰς
286 1443 469 1494 Λῆμνον
494 1441 565 1481 καὶ
582 1438 762 1494 Ἴμβρον
782 1439 981 1494 ἐμβαλὼν
1002 1441 1298 1495 αἰχμαλώτους
1324 1443 1441 1483 πολί-

101 1527 176 1561 τας
201 1510 435 1565 ὑμετέρους
465 1508 582 1567 ᾤχετ’
614 1508 738 1565 ἔχων,
769 1512 876 1564 πρὸς
908 1516 967 1567 τῷ
995 1513 1197 1568 Γεραστῷ
1229 1513 1280 1552 τὰ
1311 1516 1441 1554 πλοῖα

103 1583 336 1635 συλλαβὼν
374 1581 578 1636 ἀμύθητα
612 1579 789 1636 χρήματ’
823 1580 1024 1635 ἐξέλεξεν,
1055 1582 1107 1622 τὰ
1137 1580 1350 1624 τελευταῖ’
1382 1585 1442 1633 εἰς

101 1649 348 1707 Μαραθῶν’
371 1650 376 1708 Ι
398 1651 534 1706 ἀπέβη
567 1652 637 1693 καὶ
669 1653 749 1705 τὴν
782 1652 904 1704 ἱερὰν
936 1651 1019 1693 ἀπὸ
1046 1659 1119 1706 τῆς
1151 1653 1291 1707 χώρας
1318 1651 1436 1710 ᾤχετ’

102 1721 213 1778 ἔχων
239 1724 405 1777 τριήρη,
429 1722 550 1774 ὑμεῖς
578 1720 615 1763 δ’
642 1723 741 1763 οὔτε
762 1728 896 1763 ταῦτα
917 1722 1114 1764 δύνασθε
1134 1724 1321 1765 κωλύειν
1347 1723 1435 1765 οὔτ’

103 1795 162 1842 εἰς
187 1795 288 1842 τοὺς
315 1794 513 1847 χρόνους,
538 1792 613 1842 οὓς
641 1793 694 1834 ἂν
720 1797 965 1847 προθῆσθε,
996 1796 1193 1847 βοηθεῖν.
1237 1797 1376 1836 καίτοι
1401 1797 1445 1837 τί

50 1880 83 1906 25
104 1862 251 1917 δήποτ’
286 1861 317 1904 ὦ
345 1864 500 1917 ἄνδρες
521 1863 749 1917 Ἀθηναῖοι
774 1865 966 1915 νομίζετε
998 1865 1077 1918 τὴν
1102 1865 1182 1916 μὲν
1207 1872 1295 1906 τῶν
1321 1869 1442 1907 Παν-

103 1935 333 1988 αθηναίων
358 1933 514 1988 ἑορτὴν
539 1935 610 1975 καὶ
636 1935 715 1988 τὴν
742 1941 828 1975 τῶν
854 1936 1109 1976 Διονυσίων
1138 1934 1203 1976 ἀεὶ
1229 1942 1307 1977 τοῦ
1333 1941 1442 1977 καθ-

102 2006 284 2058 ήκοντος
316 2005 477 2059 χρόνου
510 2006 757 2058 γίγνεσθαι,
789 2005 843 2045 ἄν
868 2020 914 2046 τε
941 2005 1078 2047 δεινοὶ
1106 2005 1295 2060 λάχωσιν
1321 2007 1375 2047 ἄν
1400 2004 1434 2048 τ’

106 2075 273 2116 ἰδιῶται
301 2074 377 2129 [οἱ]
404 2075 572 2116 τούτων
605 2073 819 2128 ἑκατέρων
850 2073 1192 2129 ἐπιμελούμενοι,
1224 2078 1284 2125 εἰς
1316 2077 1341 2118 ἃ
1373 2093 1442 2119 το-

105 2143 224 2186 σαῦτ’
257 2144 533 2187 ἀναλίσκεται
565 2147 771 2200 χρήματα,
803 2143 865 2187 ὅσ’
898 2143 990 2187 οὐδ’
1024 2147 1083 2195 εἰς
1115 2145 1192 2187 ἕνα
1223 2153 1312 2188 τῶν
1337 2146 1442 2189 ἀπο-

51 2232 84 2258 so
106 2217 285 2270 στόλων,
316 2216 387 2257 καὶ
418 2222 631 2258 τοσοῦτον
663 2217 795 2270 ὄχλον
827 2217 896 2257 καὶ
922 2218 1201 2271 παρασκευὴν
1228 2218 1335 2271 ὅσην
1362 2218 1441 2259 οὐκ

1470 322 1512 352 33

1469 1030 1513 1059 34

1469 1807 1511 1838 35
