1689 2531
67 820 100 844 10

66 1175 98 1199 15

25 1514 96 1548 187

65 1599 94 1623 21

66 1881 99 1907 25

67 2234 100 2259 30

120 71 205 115 mv]
511 71 626 103 ΠΕΡΙ
649 69 747 103 ΤΩΝ
773 70 1064 103 ΣΤΜΜΟΡΙῼΝ
1377 69 1462 111 169

120 168 220 215 τοὺς
264 166 373 220 ἡμᾶς
409 172 495 207 νῦν
531 165 965 219 παρεσκευασμένους
1003 167 1209 220 τριήρεις·
1258 165 1368 207 ὥστε
1404 167 1461 219 μὴ

119 237 288 291 κομιδῇ,
312 234 410 290 μηδ’
443 237 479 278 εἰ
505 235 621 277 πάνυ
647 237 859 291 μαίνοιτο,
883 237 1059 288 νομίσαι
1080 233 1236 293 ῥᾴδιόν
1254 252 1292 277 τι
1314 237 1363 277 τὸ
1384 237 1464 291 τὴν

119 306 331 361 ἡμετέραν
362 307 493 348 πόλιν
531 305 698 361 ἐχθρὰν
735 308 1016 360 ποιήσασθαι.
1073 306 1182 348 ἀλλὰ
1219 308 1305 362 μὴν
1343 307 1383 349 εἴ
1418 305 1457 361 γ’

120 376 189 418 ἐπὶ
220 379 435 432 χρήμασιν
467 376 582 434 αὐτῷ
608 375 698 431 μέγ’
733 376 954 432 ἐπέρχεται
981 385 1178 432 φρονεῖν,
1202 378 1274 419 καὶ
1299 378 1463 432 ταύτην

119 447 443 501 ἀσθενεστέραν
468 447 673 502 ἀφορμὴν
698 454 772 502 τῆς
798 448 1005 502 ὑμετέρας
1032 449 1216 502 εὑρήσει.
1261 448 1283 491 ὁ
1310 448 1389 501 μέν
1415 464 1464 502 γε

119 520 315 573 χρυσίον,
340 519 397 568 ὥς
423 530 572 573 φασιν,
598 519 692 572 ἄγει
718 520 843 561 πολύ.
880 525 1009 561 τοῦτο
1037 517 1074 560 δ’
1107 518 1161 561 ἂν
1187 520 1322 576 διαδῷ
1344 521 1462 573 ζητή-

121 600 203 630 σει·
252 589 324 630 mxl
358 590 440 643 γὰρ
472 590 547 639 τὰς
579 591 741 644 κρήνας
773 590 921 631 καὶτὰ
948 587 1096 644 φρέατ’
1129 589 1366 632 ἐπιλείπειν
1391 590 1463 632 πέ-

120 675 273 714 φυκεν,
305 659 381 702 ἐάν
412 676 476 710 τις
509 658 580 701 ἀπ’
619 660 766 702 αὐτῶν
798 660 942 714 ἁθρόα
975 661 1046 702 καὶ
1077 661 1218 702 πολλὰ
1253 661 1463 718 λαμβάνῃ.

119 732 223 785 ἡμῖν
249 731 297 772 δὲ
322 732 370 773 τὸ
396 737 470 785 τῆς
496 731 636 786 χώρας
662 729 806 785 τίμημ’
832 732 1031 786 ὑπάρχον
1052 731 1256 786 ἀφορμὴν
1278 731 1462 787 [ἑξακισ-

119 803 235 857 χίλια
266 801 473 856 τάλαντα]
501 801 745 856 ἀκούσεται,
775 802 884 856 ὑπὲρ
917 800 966 856 ἧς
998 803 1054 852 ὡς
1086 803 1165 855 μὲν
1190 804 1293 852 τοὺς
1320 801 1462 844 ἐπιόν-

118 888 192 922 τας
231 871 410 914 ἐκείνων
448 872 719 927 ἀμυνόμεθα,
750 874 796 914 οῐ
826 876 1079 927 ΛΙαραθῶνι
1111 881 1200 914 τῶν
1231 875 1464 928 προγόνων

119 943 254 985 αὐτοῦ
286 941 453 996 μάλιστ’
486 943 540 985 ἂν
567 944 736 998 εἰδεῖεν,
768 943 846 993 ἕως
874 943 912 984 δ’
944 943 999 985 ἂν
1024 952 1261 998 κρατῶμεν,
1292 945 1372 986 οὐκ
1397 943 1463 986 ἔνι

120 1015 260 1069 δήπου
288 1012 475 1069 χρήμαθ’
506 1015 614 1068 ἡμᾶς
642 1013 889 1057 ἐπιλείπειν.

178 1086 266 1127 Καὶ
297 1086 383 1139 μὴν
415 1083 507 1126 οὐδ’
541 1086 562 1127 ὅ
588 1101 702 1135 τινες
730 1086 945 1140 δεδίασιν,
970 1087 1025 1140 μὴ
1053 1085 1224 1136 ξενικὸν
1249 1088 1361 1127 πολὺ
1389 1098 1464 1127 συ-

119 1158 324 1210 στήσηται
351 1154 527 1211 χρήματ’
547 1154 671 1211 ἔχων,
696 1156 856 1210 ἀληθὲς
884 1151 999 1198 εἶναί
1022 1172 1094 1208 μοι
1115 1157 1244 1199 δοκεῖ.
1278 1156 1360 1211 ἐγὼ
1381 1158 1462 1212 γὰρ

117 1227 306 1281 ἡγοῦμαι
337 1226 407 1268 ἐπὶ
438 1227 517 1279 μὲν
544 1227 774 1281 Αἴγυπτον
806 1228 876 1268 καὶ
897 1225 1109 1281 Ὀρόνταν
1135 1229 1208 1268 καί
1231 1243 1351 1277 τινας
1377 1235 1465 1269 τῶν

118 1298 263 1339 ἄλλων
299 1298 535 1352 βαρβάρων
572 1300 760 1347 πολλοὺς
800 1297 853 1339 ἂν
887 1296 1093 1351 ἐθελῆσαι
1124 1305 1212 1339 τῶν
1245 1299 1464 1352 Ἑλλήνων

118 1372 413 1422 μισθοφορεῖν
438 1368 537 1422 παρ’
571 1367 733 1425 ἐκείνῳ,
759 1369 838 1423 οὐχ
865 1367 920 1409 ἵν’
954 1367 1116 1418 ἐκεῖνος
1143 1368 1217 1426 ἕλῃ
1243 1370 1341 1410 τινὰ
1366 1369 1465 1411 τού-

117 1455 224 1494 των,
255 1437 347 1480 oux
378 1438 433 1480 ἵν’
467 1440 678 1494 εὐπορίαν
710 1438 791 1480 τιν’
824 1438 1000 1489 ἕκαστος
1033 1438 1172 1497 ἑαυτῷ
1200 1440 1464 1493 κτησάμενος

120 1509 345 1565 ἀπαλλαγῇ
375 1517 449 1563 τῆς
484 1509 761 1564 ὑπαρχούσης
794 1511 960 1559 πενίας·
999 1509 1067 1552 ἐπὶ
1095 1511 1141 1552 δὲ
1168 1508 1464 1564 τὴνξἙλλάδα

109 1579 281 1635 ’Ἐλλήν’
320 1581 465 1623 οὐδέν’
504 1581 557 1622 ἑὶν
591 1580 740 1622 ἐλθεῖν
766 1582 965 1635 ἡγοῦμαι.
1006 1589 1081 1623 ποῖ
1106 1583 1188 1636 γὰρ
1216 1581 1345 1631 αὐτὸς
1370 1583 1464 1636 τρέ-

117 1659 243 1701 ψεται
263 1653 368 1704 μετὰ
387 1658 540 1702 ταῦτα;
568 1654 627 1701 εἰς
652 1654 851 1706 Φρυγίαν
871 1651 1016 1694 ἐλθὼν
1037 1653 1282 1700 δουλεύσεις
1309 1653 1361 1694 οὐ
1382 1654 1463 1707 γὰρ
1492 1665 1510 1691 :5

118 1723 227 1773 ὑπὲρ
254 1724 389 1764 ἄλλου
416 1724 534 1772 τινός
561 1722 679 1764 ἐστιν
706 1723 728 1764 ὁ
755 1724 862 1776 πρὸς
888 1724 966 1765 τὸν
985 1723 1211 1777 βάρβαρον
1233 1724 1462 1778 πόλεμοςῆ

119 1794 217 1847 περὶ
243 1793 382 1847 χώρας
409 1794 479 1834 καὶ
505 1794 606 1846 βίου
632 1794 703 1834 καὶ
730 1791 849 1834 ἐθῶν
874 1794 944 1834 καὶ
977 1792 1229 1847 ἐλευθερίας
1255 1795 1326 1835 καὶ
1357 1795 1463 1836 πάν-

118 1879 206 1905 των
231 1871 319 1904 τῶν
344 1864 568 1906 τοιούτων.
599 1865 662 1913 τίς
690 1861 772 1906 οὖν
797 1863 933 1913 οὕτως
961 1865 1175 1919 δυστυχής
1203 1863 1321 1906 ἐστιν
1348 1866 1464 1915 ὅστις

119 1933 289 1988 ἑαυτόν,
319 1934 486 1988 γονέας,
511 1934 691 1988 τάφους,
715 1932 884 1986 πατρίδ’
917 1934 1042 1976 ἕνεκα
1074 1934 1255 1987 κέρδους
1282 1935 1464 1990 βραχέος

118 2005 335 2058 προέσθαι
361 2007 640 2058 βουλήσεται;
667 2004 749 2059 ἐγὼ
776 2006 855 2057 μὲν
881 2004 1023 2047 οὐδέν’
1056 2007 1255 2060 ἡγοῦμαι.
1300 2006 1352 2047 οὐ
1378 2007 1464 2060 μὴν

119 2073 212 2117 οὐδ’
245 2074 393 2130 ἐκείνῳ
428 2075 639 2128 συμφέρει
673 2074 823 2125 ξένους
850 2082 1058 2129 κρατῆσαι
1084 2075 1462 2130 τῶνἙλλήνικῶν·

119 2147 159 2188 οἱ
192 2147 274 2199 γὰρ
310 2146 432 2199 ἡμῶν
466 2148 756 2199 κρατήσαντες
795 2144 963 2188 ἐκείνου
996 2162 1044 2200 γε
1077 2147 1207 2188 πάλαι
1243 2149 1464 2200 κρείττους

120 2216 411 2271 ὑπάρχουσιν·
443 2217 647 2269 βούλεται
681 2215 718 2257 δ’
751 2215 913 2266 ἐκεῖνος
947 2217 1026 2258 οὐκ
1061 2217 1229 2259 ἀνελὼν
1260 2218 1368 2271 ἡμᾶς
1395 2215 1458 2259 ἐπ’

1489 459 1536 490 30

1491 1096 1532 1126 31

1516 1664 1534 1692 [ζ’
