1689 2531
212 63 294 105 178
693 64 1069 98 ΔΗΜΟΣΘΕΝΟΤΣ
1486 65 1554 108 [xv

144 171 185 202 18
214 158 485 213 ἐλευθερίας·
511 156 610 200 ὥστ’
641 157 766 213 ἔγωγ’
799 159 879 200 οὐκ
906 159 960 201 ἂν
986 157 1210 213 ὀκνήσαιμ’
1231 161 1369 201 εἰπεῖν
1393 162 1560 212 μᾶλλον

141 739 183 769 19

141 1305 186 1336 20

144 1660 187 1691 21

210 231 414 284 ἡγεῖσθαι
459 229 700 284 συμφέρειν
745 230 1180 284 δημοκρατουμένους
1217 232 1320 280 τοὺς
1348 227 1560 284 ρΈλληνας

210 301 401 350 ἅπαντας
426 304 633 353 πολεμεῖν
659 301 763 353 ὑμῖν
788 301 813 355 ἢ
841 301 1238 356 ὀλιγαρχουμένους
1259 302 1415 356 φίλους
1435 296 1559 344 εἶναι.

209 372 316 426 πρὸς
342 371 422 424 μὲν
447 372 529 426 γὰρ
557 370 819 426 ἐλευθέρους
845 373 974 421 ὄντας
1002 372 1054 414 οὐ
1080 375 1274 427 χαλεπῶς
1300 372 1355 414 ἂν
1381 373 1560 426 εἰρήνην

209 443 319 495 ὑμᾶς
356 444 627 496 ποιήσασθαι
660 444 838 497 νομίζω,
876 443 1004 485 ὁπότε
1039 443 1346 497 βουληθείητε,
1382 443 1489 497 πρὸς
1516 440 1554 484 δ’

210 513 606 568 ὀλιγαρχουμένους
628 513 731 555 οὐδὲ
750 514 831 567 τὴν
852 514 1005 568 φιλίαν
1019 512 1192 568 ἀσφαλῆ
1212 514 1388 566 νομίζω·
1409 513 1461 555 οὐ
1476 514 1558 567 γὰρ

210 581 305 625 ἔσθ’
338 585 452 633 ὅπως
480 584 620 638 ὀλίγοι
646 587 823 633 πολλοῖς
849 584 920 625 καὶ
941 587 1166 638 ζητοῦντες
1186 585 1336 639 ἄρχειν
1356 591 1447 633 τοῖς
1465 581 1553 636 μετ’

211 656 434 709 ἰσηγορίας
462 658 537 708 ζῆν
562 652 793 712 ᾑρημένοις
820 652 941 696 εὖνοι
967 654 1152 709 γένοιντ’
1186 655 1250 696 ἄν.

275 725 484 778 Θαυμάζω
513 723 549 767 δ’
577 727 613 767 εἰ
652 727 800 780 μηδεὶς
826 725 950 778 ὑμῶν
975 726 1142 780 ἡγεῖται
1161 727 1283 768 Χίων
1304 725 1559 780 ὀλιγαρχου-

210 796 354 849 μένων
386 797 457 838 καὶ
484 798 817 851 ᾹΙυτιληναίων,
848 797 919 838 καὶ
952 797 1054 838 νυνὶ
1074 794 1254 838 Ῥοδίων
1285 796 1356 837 καὶ
1381 796 1558 838 πάντων

210 867 462 922 ἀνθρώπων
495 867 646 921 ὀλίγου
679 867 761 909 δέω
796 866 939 921 λέγειν
966 869 1025 917 εἰς
1057 869 1221 921 ταύτην
1246 868 1327 921 τὴν
1353 868 1558 909 δουλείαν

209 938 500 992 ὑπαγομένων
536 939 902 993 συγκινδυνεύειν
937 940 1017 993 τὴν
1054 936 1153 992 παρ’
1186 939 1289 992 ἡμῖν
1323 940 1559 993 πολιτείαν,

210 1009 318 1063 μηδὲ
345 1011 557 1063 λογίζεται
584 1009 711 1051 τοῦθ’
738 1010 803 1051 ὅτι
831 1009 911 1051 οὐκ
937 1007 1057 1051 ἔστιν
1085 1011 1211 1064 ὅπως,
1239 1011 1274 1051 εἰ
1303 1007 1357 1051 δι’
1385 1010 1559 1064 ὀλιγαρ-

210 1082 304 1135 χίας
331 1081 500 1122 ἅπαντα
528 1084 800 1135 συστήσεται,
825 1081 903 1122 τὸν
928 1079 1027 1134 παρ’
1053 1081 1158 1133 ὑμῖν
1179 1081 1319 1134 δῆμον
1340 1079 1558 1124 ἐάσουσιν.

211 1151 359 1193 ἴσασιν
378 1152 460 1205 γὰρ
483 1151 667 1201 οὐδένας
688 1152 847 1201 ἄλλους
861 1152 994 1193 πάλιν
1010 1153 1069 1201 εἰς
1085 1150 1343 1205 ἐλευθερίαν
1357 1152 1409 1192 τὰ
1423 1152 1558 1206 πράγ-

211 1221 304 1275 ματ’
333 1221 387 1263 ἂν
408 1221 659 1276 ἐξάγοντας·
687 1223 796 1264 ὅθεν
818 1223 870 1277 δὴ
892 1224 1027 1264 κακὸν
1048 1222 1195 1272 αὑτοῖς
1216 1223 1271 1264 ἅν
1291 1238 1331 1263 τι
1351 1221 1560 1276 γενέσθαι

212 1294 528 1348 προσδοκῶσιν,
552 1291 669 1335 τοῦτ’
702 1293 875 1335 ἀνελεῖν
901 1295 1208 1347 βουλήσονται.
1245 1294 1347 1342 τοὺς
1373 1293 1453 1345 μὲν
1480 1290 1561 1335 οὖν

213 1365 372 1414 ἄλλους
398 1366 500 1414 τοὺς
527 1363 788 1414 ἀδικοῦντάς
815 1380 936 1414 τινας
964 1364 1109 1406 αὐτῶν
1135 1371 1223 1406 τῶν
1242 1371 1381 1414 κακῶς
1401 1378 1561 1406 πεπον-

213 1436 362 1477 θότων
401 1434 589 1490 ἐχθροὺς
628 1436 833 1489 ἡγεῖσθαι
869 1437 967 1490 χρή·
1005 1437 1107 1485 τοὺς
1146 1435 1194 1477 δὲ
1231 1436 1305 1484 τὰς
1343 1436 1561 1485 πολιτείας

213 1506 509 1556 καταλύοντας
553 1507 625 1548 καὶ
662 1506 954 1559 μεθιστάντας
993 1507 1052 1556 εἰς
1091 1506 1348 1560 ὀλιγαρχίαν
1385 1507 1560 1556 κοινοὺς
1582 1522 1596 1546 2

216 1576 404 1632 ἐχθροὺς
448 1584 646 1632 παραινῶ
690 1578 882 1629 νομίζειν
928 1576 1133 1618 ἁπάντων
1176 1583 1264 1617 τῶν
1309 1574 1562 1630 ἐλευθερίας

216 1647 567 1700 ἐπιθυμούντων.
595 1646 740 1689 ἔπειτα
767 1648 939 1689 δίκαιον
960 1645 991 1688 ὦ
1014 1648 1170 1701 ἄνδρες
1186 1644 1411 1701 Ἀθηναῖοι
1432 1647 1562 1701 δημο-

216 1718 538 1772 κρατουμένους
583 1719 741 1768 αὐτοὺς
785 1724 964 1761 τοιαῦτα
1009 1724 1284 1772 φρονοῦντας
1323 1719 1562 1772 φαίνεσθαι

215 1790 314 1844 περὶ
353 1797 440 1831 τῶν
478 1789 761 1844 ἀτυχούντων
793 1790 955 1844 δήμων,
993 1783 1143 1842 οἷάπερ
1178 1788 1231 1830 ἂν
1265 1791 1366 1838 τοὺς
1405 1789 1563 1839 ἄλλους

217 1860 444 1911 ἀξιώσαιτε
477 1868 662 1914 φρονεῖν
698 1861 797 1914 περὶ
835 1861 971 1915 ὑμῶν,
1009 1860 1049 1901 εἴ
1076 1858 1199 1914 ποθ’,
1237 1860 1259 1901 ὃ
1291 1861 1347 1914 μὴ
1377 1859 1564 1915 γένοιτο,

217 1933 391 1974 τοιοῦτό
418 1948 458 1973 τι
486 1933 688 1985 συμβαίη.
715 1932 785 1972 καὶ
812 1932 893 1985 γὰρ
922 1933 957 1973 εἰ
980 1931 1124 1972 δίκαιά
1144 1947 1207 1980 τις
1229 1933 1358 1985 φήσει
1372 1928 1562 1980 Ῥοδίους

217 2002 502 2057 πεπονθέναι,
522 2002 601 2044 οὐκ
626 2001 866 2056 ἐπιτήδειος
887 2002 908 2044 ὁ
930 2003 1078 2055 καιρὸς
1100 2001 1368 2056 ἐφησθῆναι·
1395 2002 1462 2043 δεῖ
1479 2002 1561 2056 γὰρ

218 2076 318 2123 τοὺς
352 2074 643 2129 εὐτυχοῦντας
675 2074 773 2127 περὶ
805 2080 892 2115 τῶν
919 2072 1199 2128 ἀτυχούντων
1231 2072 1297 2114 ἀεὶ
1323 2074 1563 2127 φαίνεσθαι

218 2146 270 2186 τὰ
292 2144 495 2198 βέλτιστα
514 2143 876 2198 βουλευομένους,
902 2142 1131 2199 ἐπειδήπερ
1153 2144 1316 2198 ἄδηλον
1336 2145 1384 2186 τὸ
1404 2143 1563 2197 μέλλον

219 2216 381 2257 ἅπασιν
406 2214 671 2271 ἀνθρώποις.

1579 460 1595 485 5

1579 728 1656 764 196

1579 813 1612 838 10

1579 1167 1612 1193 15

1583 1877 1616 1904 25

1580 2232 1615 2258 30
