1689 2531
179 95 233 136 72
696 96 998 128 ΗΓΗΣΙΠΠΟΥ
1449 96 1527 141 [VII

175 192 257 246 γὰρ
298 193 322 245 η
361 191 441 244 μὲν
481 191 665 244 δύναμις
703 191 729 245 ἡ
765 190 961 246 ὑμετέρα,
1000 192 1025 245 ἡ
1060 190 1395 246 ἐλευθερώσασα
1425 193 1527 241 τοὺς

166 260 393 316 ’Ἑλληνας,
431 263 488 316 μὴ
529 262 714 304 δύναται
752 262 858 314 ὑμῖν
898 263 951 304 τὰ
989 261 1036 304 ἐν
1074 269 1125 318 τῇ
1163 262 1359 320 θαλάττῃ
1391 264 1527 317 χωρία

177 332 340 391 σῴζειν,
366 334 406 375 οἱ
435 333 483 375 δὲ
510 334 721 387 δικασταί,
749 327 813 383 οἷς
841 333 895 374 ἑὲν
922 332 1190 388 ἐπιτρέψητε,
1216 334 1256 375 οἱ
1283 334 1428 387 κύριοι
1453 340 1527 388 τῆς

174 407 342 459 ψήφου,
375 401 498 446 οὗτοι
529 404 636 457 ὑμῖν
669 405 904 459 σώσουσιν,
937 403 1013 446 ἐὰν
1039 405 1095 459 μὴ
1128 406 1341 454 Φίλιππος
1368 404 1528 454 αὐτοὺς

127 486 147 517 8
174 477 364 530 πρίηται,
389 482 478 525 πῶς
504 475 627 528 ὑμεῖς
655 475 733 531 οὐχ
755 475 1127 530 ὁμολογουμένως,
1154 476 1259 518 ὅταν
1279 481 1414 517 ταῦτα
1435 476 1528 517 δια-
1548 492 1563 517 5

174 547 439 601 πράττησθε,
471 554 558 588 τῶν
592 546 640 588 ἐν
666 554 717 603 τῇ
740 546 903 603 ἠπείρῳ
931 546 1136 588 ἁπάντων
1162 546 1431 601 ἀφεστήκατε
1456 546 1529 588 καὶ
1686 569 1689 602 g

175 617 446 660 ἐπιδείκνυτε
468 618 631 659 ἅπασιν
645 618 914 672 ἀνθρώποις,
935 619 1000 660 ὅτι.
1022 618 1126 660 οὐδὲ
1146 619 1244 672 περὶ
1265 616 1361 667 ἑνὸς
1382 617 1529 659 αὐτῶν

175 690 498 744 διαγωνιεῖσθε,
536 690 624 743 εἴγε
662 690 761 743 περὶ
799 697 887 731 τῶν
925 688 973 731 ἑν
1004 696 1055 745 τῇ
1088 689 1297 746 θαλάττῃ,
1334 686 1386 731 οὗ
1419 688 1528 743 φατὲ

175 761 357 815 ἰσχύειν,
383 762 439 815 μὴ
468 762 792 815 διαγωνιεῖσθε,
818 760 927 802 ἀλλὰ
954 761 1208 812 δικάσεσθε;

128 842 147 872 9
226 830 320 873 ”En
346 833 445 887 περὶ
473 833 708 885 συμβόλων
736 832 844 886 (γησὶ
870 831 1146 886 πεπομφέναι
1167 832 1274 885 πρὸς
1295 831 1406 884 ὑμᾶς
1425 833 1527 881 τοὺς
1549 847 1582 872 ιο

171 903 510 957 ποιησομένους,
541 909 678 944 ταῦτα
712 903 759 944 δὲ
786 903 915 957 κύρια
941 901 1136 957 ἔσεσθαι,
1167 903 1248 944 οὐκ
1275 901 1452 944 ἐπειδὰν
1480 901 1527 944 ἐν
1685 933 1689 1027 ἰ

172 980 231 1031 τῷ
264 975 528 1031 δικαστηρίῳ
567 979 626 1031 τῷ
659 972 758 1028 παρ’
790 974 896 1026 ὑμῖν
928 978 1122 1029 κυρωθῇ,
1161 974 1305 1028 ὥσπερ
1339 973 1361 1015 ὁ
1393 974 1527 1026 νόμος

171 1046 353 1100 κελεύει,
385 1043 477 1087 ἀλλ’
511 1044 689 1087 ἐπειδὰν
721 1045 778 1095 ὡς
811 1044 969 1087 ἑαυτὸν
998 1045 1282 1100 ἐπανενεχθῇ,
1315 1043 1527 1099 ἐφέσιμον
1685 1031 1689 1099 λ

171 1118 251 1171 τὴν
271 1114 370 1171 παρ’
390 1117 515 1169 ὑμῶν
534 1116 790 1171 γενομένην
809 1124 976 1170 γνῶσιν
997 1117 1053 1165 ὡς
1076 1115 1234 1157 ἑαυτὸν
1253 1115 1526 1175 ποιούμενος.
1551 1118 1598 1153 79

171 1188 377 1241 βούλεται
403 1188 485 1242 γὰρ
512 1188 637 1240 ὑμῶν
663 1194 792 1229 τοῦτο
820 1189 1061 1241 προλαβεῖν
1079 1187 1152 1228 καὶ
1172 1187 1527 1241 ὁμολογούμενον
1549 1203 1580 1229 15

172 1257 220 1300 ἐν
245 1267 336 1308 τοῖς
364 1260 602 1313 συμβόλοις
628 1265 906 1313 καταστῆσαι,
933 1259 998 1300 ὅτι
1024 1265 1112 1300 τῶν
1138 1258 1237 1312 περὶ
1258 1258 1528 1300 Ποτείδαιαν

170 1330 477 1384 γεγενημένων
503 1329 782 1384 ἀδικημάτων
808 1330 941 1372 οὐδὲν
969 1328 1187 1384 ἐγκαλεῖτε
1214 1329 1331 1386 αὐτῷ
1352 1329 1407 1379 ὡς
1434 1328 1527 1371 ἀδι-

170 1401 398 1456 κούμενοι,
437 1400 547 1442 ἀλλὰ
585 1403 816 1455 βεβαιοῦτε
857 1401 1032 1450 δικαίως
1071 1400 1210 1455 αὐτὴν
1248 1399 1418 1442 ἐκεῖνον
1455 1400 1527 1442 καὶ

101 1482 144 1512 10
172 1474 324 1526 λαβεῖν
362 1473 434 1514 καὶ
472 1476 722 1526 κεκτῆσθαι.
764 1473 905 1513 καίτοι
935 1469 1181 1526 Ἀθηναίων
1214 1472 1253 1513 οἱ
1289 1469 1337 1513 ἐν
1369 1475 1526 1513 Ποτει-

173 1544 275 1600 δαίᾳ
306 1549 625 1598 κατοικοῦντες,
657 1543 737 1584 οὐκ
764 1544 890 1592 ’ὄντος
917 1543 1065 1593 αὐτοῖς
1092 1542 1283 1595 πολέμου
1311 1544 1418 1596 πρὸς
1450 1544 1526 1584 Φί-
1546 1558 1580 1583 20

172 1618 348 1665 λιππον,
383 1613 492 1655 ἀλλὰ
526 1615 781 1668 συμμαχίας,
812 1614 884 1655 καὶ
912 1614 1055 1667 ὅρκων
1083 1613 1418 1667 ὀμωμοσμένων,
1449 1613 1526 1663 οὓς

175 1687 390 1735 Φίλιππος
428 1692 518 1735 τοῖς
558 1687 757 1727 οἰκοῦσιν
790 1684 838 1726 ἐν
871 1685 1113 1741 Ποτειδαίᾳ
1145 1685 1327 1739 ὤμοσεν,
1364 1684 1526 1742 ἀφῃρέ-

169 1760 318 1811 θησαν
346 1754 416 1797 ὑπ’
449 1756 586 1798 αὐτοῦ
612 1756 664 1797 τὰ
691 1757 894 1810 κτήματα.
933 1762 1068 1797 ταῦτα
1097 1757 1149 1810 δὴ
1175 1756 1380 1809 βούλεται
1406 1755 1526 1797 τάδι-

169 1829 337 1881 κηματα
376 1827 584 1877 πολλάκις
623 1829 869 1882 πανταχόσε
906 1825 1006 1881 παρ’
1038 1827 1144 1880 ὑμῖν
1181 1827 1526 1882 βεβαιώσασθαι,

99 1909 139 1940 11
170 1900 236 1941 ὅτι
266 1900 344 1941 οὔτ
383 1897 602 1953 ἐγκαλεῖτε
629 1899 729 1940 οὔτε
756 1899 937 1952 ἡγεῖσθε
964 1897 1232 1940 ἀδικεῖσθαι·
1265 1896 1356 1939 ἐπεὶ
1383 1898 1449 1939 ὅτι
1475 1913 1524 1951 γε
1545 1913 1577 1938 25

170 1972 405 2024 συμβόλων
445 1970 577 2012 οὐδὲν
617 1969 791 2012 δέονται
823 1971 1081 2019 ,Μακεδόνες
1120 1970 1228 2023 πρὸς
1251 1967 1525 2023 Ἀθηναίους,

169 2042 190 2084 ὁ
225 2042 543 2095 παρεληλυθὼς
576 2041 682 2093 ὑμῖν
713 2042 870 2096 χρόνος
902 2043 1136 2095 τεκμήριον
1167 2040 1384 2095 γενέσθω·
1423 2040 1524 2082 οὔτε
1675 2060 1677 2091 f

167 2114 250 2167 γὰρ
275 2111 484 2165 Ἀμύντας
517 2112 539 2154 ὁ
573 2113 713 2166 πατὴρ
748 2112 769 2153 ὁ
803 2113 1023 2154 Φιλίππου
1054 2112 1155 2154 οὔτε
1182 2112 1221 2153 οἱ
1249 2112 1374 2153 ἄλλοι
1399 2113 1524 2165 βασι-

169 2187 256 2233 λεῖς
295 2184 574 2226 οὐδεπώποτε
617 2184 816 2237 σύμβολα
849 2182 1109 2237 ἐποιήσαντο
1141 2184 1249 2237 πρὸς
1280 2183 1360 2237 τὴν
1391 2183 1522 2224 πόλιν

96 2266 138 2297 12
166 2256 246 2310 τὴν
272 2254 497 2310 ἡμετέραν.
532 2256 673 2296 καίτοι
699 2256 876 2304 πλείους
902 2270 951 2309 γε
971 2251 1083 2308 ἦσαν
1104 2255 1147 2296 αἱ
1169 2253 1399 2306 ἐπιμειξίαι
1424 2255 1521 2296 τότε
1541 2269 1576 2294 30
