1689 2531
86 81 188 123 XVH]
239 79 352 111 ΠΕΡΙ
376 78 474 110 ΤΩΝ
500 77 630 110 ΠΡΟΣ
655 75 981 112 ΑΛΕΞΑΝΔΡΟΝ
1008 74 1281 108 ΣΤΝΘΗΚῼΝ
1347 73 1429 115 199

151 175 207 216 Τὸ
252 174 331 226 μὲν
371 171 452 215 οὖν
489 172 588 227 περὶ
625 172 677 213 τὰ
714 175 843 213 πλοῖα
881 171 988 225 πρὸς
1026 176 1115 219 τοῖς
1154 171 1300 219 ἄλλοις
1339 176 1428 219 τοῖς
1456 185 1498 215 26

85 244 417 299 προειρημένοις
459 244 480 285 ὁ
517 243 738 285 ιΜακεδὼν
772 245 1030 296 τηλικοῦτον
1065 240 1248 295 παρέβη·
1296 241 1344 282 τὸ
1381 240 1429 282 δὲ

87 316 458 370 ὑβριστικώτατον
495 314 565 355 καὶ
598 313 1003 367 ὑπεροπτικώτατον
1035 319 1122 354 τῶν
1153 312 1429 353 ΝΙακεδόνων

84 388 131 429 τὸ
158 376 313 443 πρῴην
336 384 627 440 γεγενημένον
653 382 756 438 ἐστί,
780 385 828 425 τὸ
855 387 1065 437 τολμῆσαι
1091 384 1343 425 εἰσπλεῦσαι
1369 383 1429 431 εἰς

0 461 62 496 219
85 459 163 499 τὸν
189 460 378 511 Πειραιᾶ
393 455 398 511 Ι
415 456 531 508 παρὰ
556 456 630 504 τὰς
655 455 803 503 κοινὰς
828 455 932 508 ἡμῖν
957 455 1064 507 πρὸς
1090 453 1249 503 αὐτοὺς
1276 454 1428 507 ὁμολο-
1682 488 1689 526 7

54 546 67 569 6
89 529 195 582 γίας.
233 528 303 569 καὶ
331 525 445 568 τοῦτ7
479 524 511 568 ὦ
539 527 693 579 ἄνδρες
711 523 934 579 Ἀθηναῖοι
966 525 1045 579 οὐχ
1072 526 1138 567 ὅτι
1157 526 1232 577 μία
1252 526 1428 579 τριήρης

84 596 152 652 ἦν,
184 599 341 650 μικρὸν
374 596 660 650 ὑποληπτέον,
692 593 783 637 ἀλλ’
826 596 891 637 ὅτι
923 595 1137 650 ἀπόπειρα
1169 594 1353 649 ἐγένετο,
1377 594 1427 651 Ῐεῐ

82 670 397 722 περιοψόμεθα,
422 668 494 709 ἴνα
520 668 624 720 μετὰ
650 668 865 708 πλειόνων
886 666 1032 716 αὐτοῖς
1053 665 1278 720 ἐγγένηται
1298 672 1427 707 τοῦτο

83 739 302 793 πράττειν,
328 739 399 780 καὶ
426 739 491 780 ὅτι
511 737 591 779 οὐκ
612 736 878 791 ἐφρόντισαν
897 743 985 778 τῶν
1004 744 1166 778 κοινῶν
1188 737 1428 791 δογμάτων,

28 828 61 852 10
81 810 279 863 καθάπερ
323 809 426 850 οὐδὲ
466 815 554 850 τῶν
588 807 926 862 προειρημένων.
985 806 1076 849 ἐπεὶ
1112 808 1177 850 ὅτι
1212 824 1261 862 γε
1294 814 1423 850 τοῦτο
1455 821 1497 851 27

86 880 329 933 παράδυσις
362 877 416 933 ἧν
448 880 555 920 κατὰ
586 880 742 932 μικρὸν
774 879 844 919 καὶ
877 877 1057 930 ἐθισμὸς
1089 884 1167 920 τοῦ
1193 878 1429 934 ἀνέχεσθαι

85 952 192 1005 ἡμᾶς
225 953 326 1000 τοὺς
353 951 578 999 τοιούτους
605 950 820 1003 εἴσπλους,
844 949 1050 991 κάκεῖθεν
1076 951 1227 1004 δῆλον·
1272 951 1319 992 τὸ
1346 951 1428 1004 γὰρ

85 1023 163 1064 τὸν
189 1023 286 1063 τότε
314 1020 383 1062 ἐπὶ
409 1027 482 1074 τῆς
502 1022 609 1070 νεὼς
631 1020 959 1074 εἰσπλεύσαντα,
985 1020 1036 1061 ὃν
1056 1018 1146 1062 ἔδει
1167 1020 1304 1070 εὐθὺς
1324 1023 1428 1074 μετὰ

84 1099 156 1146 τῆς
182 1095 385 1146 τριήρους
415 1089 487 1146 ὑφ’
519 1092 642 1143 ὑμῶν
663 1090 945 1145 ἀπολωλέναι,
971 1092 1188 1132 αἰτεῖσθαι
1208 1094 1427 1146 ναυπηγή-

32 1182 64 1206 15
85 1167 249 1205 σασθαι
288 1163 418 1217 μικρὰ
456 1166 585 1204 πλοῖα
624 1161 671 1203 ἐν
708 1169 797 1211 τοῖς
828 1162 1049 1216 ἡμετέροις
1083 1162 1224 1214 λιμέσι
1255 1169 1343 1212 πῶς
1376 1162 1428 1204 οὑ

82 1235 328 1287 καταφανὲς
363 1240 490 1287 ποιεῖ,
522 1234 586 1274 ὄτι
614 1232 711 1274 ἀντὶ
737 1238 814 1274 τοῦ
842 1235 1034 1274 εἰσπλεῖν
1060 1234 1108 1274 τὸ
1136 1232 1271 1282 εὐθὺς
1298 1230 1428 1274 ἔνδον

84 1301 195 1346 εἶναι
242 1304 538 1359 ἐμηχανῶντο;
582 1304 652 1345 καὶ
697 1305 733 1345 εἰ
779 1305 909 1345 λεπτὰ
947 1307 1076 1344 πλοῖα
1114 1304 1430 1357 ὑπομενοῦμεν,

86 1376 237 1429 ὀλίγον
270 1375 456 1428 ὕστερον
488 1375 557 1415 καὶ
584 1376 789 1428 τριήρεις·
834 1375 904 1415 καὶ
932 1376 968 1416 εἰ
995 1375 1043 1416 τὸ
1070 1381 1243 1427 πρῶτον
1270 1375 1430 1428 ὀλίγας,

85 1452 223 1502 μικρῷ
254 1445 440 1498 ὕστερον
475 1446 647 1494 πολλάς.
699 1445 750 1485 οὐ
789 1446 870 1499 γὰρ
907 1445 960 1499 δὴ
999 1443 1088 1486 ἔστι
1124 1443 1161 1499 γ’
1204 1447 1341 1486 εἰπεῖν
1373 1445 1429 1494 ὡς
1456 1459 1498 1488 28

30 1534 62 1558 20
73 1514 281 1570 Ἀθήνησι
307 1516 388 1568 μὲν
409 1516 625 1570 ἀφθόνων
646 1518 787 1556 ὄντων
807 1523 893 1557 τῶν
913 1517 1256 1569 ναυπηγησίμων
1276 1515 1430 1569 ξύλων,

84 1594 170 1628 τῶν
195 1590 433 1641 πόρρωθεν
459 1588 528 1628 καὶ
555 1589 678 1640 μόγις
705 1587 1083 1641 εἰσκομιζομένων,
1108 1586 1155 1628 ἑν
1182 1587 1229 1628 δὲ
1254 1594 1303 1641 τῇ
1332 1590 1428 1627 Ma-

81 1659 257 1715 κεδονίᾳ
292 1658 642 1711 ἐπιλελοιπότων,
673 1665 723 1714 τῇ
756 1658 826 1699 καὶ
858 1665 947 1707 τοῖς
979 1659 1125 1707 ἄλλοις
1158 1664 1246 1706 τοῖς
1272 1659 1428 1710 βουλο-

80 1728 225 1781 μένοις
265 1729 546 1771 εὐτελέστατα
589 1729 905 1785 καθισταμένῃ,
944 1727 1033 1769 ἀλλ’
1078 1726 1211 1785 ᾤονθ’
1256 1728 1339 1780 ἄμα
1377 1743 1421 1769 τε

83 1802 444 1854 ναυπηγήσεσθαι
471 1798 672 1856 Ιἐνταῦθα
698 1801 767 1841 καὶ
794 1801 1101 1853 πληρώσεσθαι
1140 1798 1186 1840 ἐν
1212 1805 1268 1855 τῷ
1291 1800 1429 1852 λιμένι

32 1887 63 1911 25
87 1870 164 1926 Ιτῶ
178 1870 509 1926 προειρημε’νῳ],
530 1869 577 1912 ἐν
597 1878 692 1919 ταῖς
711 1879 877 1921 κοιναῖς
892 1871 1139 1924 ὁμολογίαις
1155 1872 1429 1925 διειρημένον

81 1940 217 1992 μηδὲν
256 1947 458 1982 τοιοῦτον
497 1942 787 1997 εἰσδέχεσθαι,
823 1943 893 1984 καὶ
931 1940 1042 1983 τοῦτ’
1099 1940 1322 1991 ἐξέσεσθαι
1361 1941 1429 1984 ἐπὶ

84 2010 218 2052 πλέον
245 2010 312 2052 ἀεὶ
338 2019 491 2054 ποιεῖν.
537 2012 649 2054 οὕτω
677 2014 955 2068 πανταχόθεν
981 2015 1427 2068 καταπεφρονηκότως
1456 2026 1497 2055 29

82 2079 239 2123 ἐκεῖνοι
266 2088 317 2137 τῇ
338 2083 459 2123 πόλει
481 2090 669 2137 χρῶνται
690 2084 762 2125 διὰ
781 2086 881 2133 τοὺς
905 2081 1115 2126 ἐντεῦθεν
1137 2085 1423 2133 διδασκάλουςΙ

83 2153 181 2201 τοὺς
209 2152 562 2206 ὑπαγορεύοντας
589 2154 735 2204 αὐτοῖς
761 2155 786 2196 ἑὶ
814 2156 880 2197 δεῖ
904 2163 1061 2197 ποιεῖν·
1102 2155 1213 2197 οὕτω
1235 2155 1282 2196 δὲ
1303 2171 1420 2197 κατε-

26 2238 60 2262 30
80 2223 271 2274 γνώκασι
297 2224 401 2275 μετὰ
427 2225 594 2266 τούτων
631 2226 867 2279 ἀδιήγητόν
893 2243 989 2268 τινα
1015 2233 1087 2280 τῆς
1113 2228 1276 2275 πόλεως
1303 2228 1424 2270 ἔκλυ’
