1689 2531
72 81 164 125 xm]
529 81 642 113 ΠΕΡΙ
667 80 959 117 ΣΤΝΤΑΞΕΩΣ
1331 79 1413 120 155

71 183 161 225 τοῖς
182 176 331 225 ὅπλοις
353 175 583 230 φοβερούς,
603 173 651 216 ἐν
671 175 718 216 δὲ
738 182 828 225 τοῖς
848 175 1140 230 δικαστηρίοις
1161 175 1415 230 φιλανθρώ-

72 261 180 296 πους
206 242 330 305 εἶναι.

131 318 186 358 Εἰ
214 316 265 358 δέ
287 332 345 373 τῳ
373 317 485 358 δοκῶ
513 318 681 369 μείζους
708 316 733 370 ἢ
761 314 850 358 κατ’
878 315 1065 369 ἐμαυτὸν
1086 316 1228 371 λέγειν
1249 318 1418 371 λόγους,
1446 327 1487 359 18

72 387 178 429 αὐτὸ
204 385 319 429 τοῦτ’
352 388 497 440 ὀρθῶς
524 387 670 428 αὐτῶν
688 385 792 442 ἔχει·
830 389 909 429 τὸν
927 388 1009 442 γὰρ
1029 385 1138 442 ὑπὲρ
1158 388 1415 441 τηλικαύτης

37 461 236 508 5πόλεως
281 459 588 514 ῥηθησόμενον
624 459 757 512 λόγον
794 459 865 500 καὶ
902 459 1115 500 τοιούτων
1152 458 1416 513 πραγμάτων

71 531 232 579 παντὸς
264 528 360 578 ἑνὸς
392 535 469 570 τοῦ
498 529 699 582 λέγοντος
726 528 792 570 ἀεὶ
817 531 942 581 μείζω
971 531 1210 583 φαίνεσθαι
1237 530 1315 584 δεῖ,
1345 530 1416 570 καὶ

71 607 145 654 τῆς
171 599 290 650 ἀξίας
315 606 389 653 τῆς
408 597 614 652 ὑμετέρας
636 598 764 654 ἐγγὺς
785 596 908 654 εἶναι,
933 602 989 655 μὴ
1010 607 1084 654 τῆς
1104 606 1182 642 τοῦ
1204 600 1416 654 λέγοντος.

73 672 138 713 ὅτι
165 669 201 712 δ’
234 671 378 720 οὐδεὶς
403 677 490 712 τῶν
516 668 591 725 ὑφ’
621 668 744 723 ὑμῶν
765 671 1017 723 τιμωμένων
1036 677 1170 712 ταῦτα
1191 671 1318 725 λέγει,
1342 671 1416 720 τὰς

71 742 312 796 προφάσεις
345 740 428 795 ἐγὼ
461 739 632 794 διέξειμ’
670 740 785 794 ὑμῖν.
837 743 877 783 οἱ
903 742 983 795 μὲν
1009 743 1115 795 πρὸς
1143 741 1416 797 ἀρχαιρεσίας
1447 752 1486 782 19

21 832 54 857 ιο
73 813 144 854 καὶ
181 812 346 866 ταύτην
383 813 463 867 τὴν
499 811 623 862 τάξιν
661 814 917 867 προσιόντες
956 814 1107 854 δοῦλοι
1145 819 1218 866 τῆς
1258 811 1327 854 ἐπὶ
1364 817 1422 868 τῷ

72 887 421 939 χειροτονεῖσθαι
443 883 614 937 χάριτος
629 882 942 938 περιέρχονται,
961 887 1222 937 τελεσθῆναι
1238 894 1416 937 στρατη-

72 956 148 1009 γὸς
175 953 351 1003 ἕκαστος
373 953 640 1007 σπουδάζων,
667 953 746 995 οὐκ
767 954 925 1008 ἀνδρὸς
946 952 1077 1008 ἔργον
1097 954 1229 996 οὐδὲν
1249 954 1417 1008 πρᾶξαι.

75 1027 111 1067 εἰ
138 1025 188 1067 δέ
210 1041 274 1074 τις
300 1025 370 1066 καὶ
396 1026 591 1073 τοιοῦτός
619 1023 737 1065 ἐστιν
764 1019 853 1074 οἷος
875 1023 1085 1079 ἐγχειρεῖν
1105 1023 1216 1081 ἔργῳ
1237 1041 1308 1081 τῳ,
1333 1030 1418 1066 νῦν

73 1096 153 1149 μὲν
189 1096 355 1150 ἡγεῖται
393 1097 473 1150 τὴν
504 1102 578 1149 τῆς
609 1097 772 1145 πόλεως
806 1095 938 1145 δόξαν
970 1095 1174 1149 ἀφορμὴν
1206 1094 1317 1150 ἔχων
1348 1096 1418 1136 καὶ

23 1187 56 1212 15
75 1167 280 1221 τοῦνομα,
317 1173 390 1221 τῆς
428 1174 516 1208 τῶν
550 1165 934 1218 ἐναντιωσομένων
967 1165 1141 1220 ἐρημίας
1174 1166 1420 1220 ἀπολαύων,
1446 1177 1533 1203 1V49

74 1238 149 1287 τὰς
175 1237 350 1287 ἐλπίδας
376 1236 480 1290 ὑμῖν
505 1235 762 1291 ὑποτείνων,
788 1238 892 1278 ἄλλο
920 1235 956 1278 δ’
990 1237 1093 1279 οὐδὲ
1119 1236 1179 1291 ἔν,
1212 1241 1419 1290 κληρονο-

75 1310 229 1362 μήσειν
261 1309 389 1358 αὐτὸς
421 1316 509 1349 τῶν
534 1306 754 1362 ὑμετέρων
781 1307 974 1362 ἀγαθῶν,
1001 1309 1104 1362 ὅπερ
1133 1307 1263 1361 ἐστίν,
1296 1307 1349 1348 ἂν
1376 1305 1412 1348 δ’
1445 1307 1552 1368 Χεῇξῌ

74 1377 195 1432 ὑμεῖς
222 1377 276 1420 δι’
308 1377 430 1432 ὑμῶν
456 1379 602 1420 αὐτῶν
621 1378 777 1420 ἕκαστα
798 1379 1021 1432 πράττητε,
1048 1379 1145 1420 ἴσον
1164 1386 1253 1427 τοῖς
1275 1380 1420 1428 ἄλλοις

76 1451 219 1503 ὥσπερ
246 1457 334 1491 τῶν
359 1448 500 1503 ἔργων
527 1450 683 1503 αὐτῶν,
710 1450 822 1490 οὕτω
845 1450 915 1490 καὶ
935 1457 1022 1490 τῶν
1043 1448 1088 1490 ἐκ
1109 1450 1276 1491 τούτων
1296 1449 1420 1499 ἕξειν.

23 1540 57 1565 20
77 1522 117 1563 οἱ
144 1521 191 1562 δὲ
216 1522 544 1573 πολιτευόμενοι
571 1521 641 1561 καὶ
662 1521 757 1573 περὶ
779 1518 895 1561 ταῦτ’
923 1522 1055 1574 ὄντες,
1080 1522 1128 1561 τὸ
1149 1521 1200 1561 τὰ
1220 1520 1421 1574 βέλτιστα
1448 1532 1491 1561 ‘20

0 1597 55 1633 ,72
78 1599 256 1633 σκοπεῖν
286 1590 392 1644 ὑμῖν
424 1591 618 1645 ἀφέντες,
656 1593 1050 1645 προσκεχωρήκασι
1083 1593 1189 1644 πρὸς
1221 1591 1421 1640 τούτους·

77 1663 148 1704 καὶ
179 1663 393 1716 πρότερον
425 1663 504 1714 μὲν
536 1663 642 1703 κατὰ
676 1664 915 1715 συμμορίας
948 1662 1202 1716 εἰσεφέρετε,
1239 1662 1340 1703 νυνὶ
1375 1662 1421 1703 δὲ
1448 1673 1523 1698 1129

78 1733 363 1775 πολιτεύεσθε
396 1734 502 1773 κατὰ
530 1734 781 1785 συμμορίας.
832 1733 972 1786 ῥήτωρ
1000 1734 1172 1786 ἡγεμὼν
1198 1732 1268 1773 καὶ
1295 1743 1422 1786 στρα-

78 1805 206 1858 τηγὸς
238 1802 322 1844 ὑπὸ
355 1804 494 1859 τούτῳ
528 1804 596 1844 καὶ
624 1804 664 1845 οἱ
691 1805 952 1857 βοησόμενοι
979 1801 1075 1855 μεθ’
1110 1802 1341 1856 ἑκατέρων·
1381 1804 1421 1844 οἱ

26 1893 59 1919 25
80 1872 117 1915 δ’
158 1875 281 1916 ἄλλοι
317 1874 673 1927 προσνενέμησθε
709 1875 748 1915 οἱ
787 1874 866 1926 μὲν
901 1874 957 1922 ὡς
988 1874 1182 1927 τούτους,
1214 1875 1253 1915 οἱ
1288 1871 1328 1914 δ’
1367 1874 1422 1923 ὡς

81 1943 284 1994 ἐκείνους.
334 1951 571 1998 τοιγαροῦν
602 1943 707 1996 ὑμῖν
738 1946 958 1998 περίεστιν
985 1943 1029 1985 ἐκ
1055 1945 1223 1985 τούτων
1250 1944 1271 1985 ὁ
1300 1945 1422 1986 δεῖνα

80 2019 264 2070 χαλκοῦς
284 2015 391 2056 καὶὸ
415 2013 518 2056 δεῖν’
546 2014 776 2069 εὐδαίμων,
802 2009 862 2064 εἷς
882 2032 905 2068 η
928 2016 1022 2068 δύο,
1046 2013 1154 2068 ὑπὲρ
1176 2016 1256 2068 τὴν
1275 2015 1565 2056 πόλιν·Ῑ”“08“’·

1453 2050 1531 2075 LVss

81 2087 121 2128 οἱ
155 2084 191 2128 δ’
225 2088 347 2128 ἄλλοι
374 2086 586 2139 μάρτυρες
612 2093 685 2139 τῆς
711 2087 879 2127 τούτων
906 2086 1183 2137 εὐδαιμονίας
1208 2085 1423 2140 κάθησθε,
1445 2097 1553 2158 ΧῖξΙΙΙ

81 2163 154 2210 τῆς
186 2155 286 2198 καθ’
325 2157 489 2211 ἡμέραν
521 2157 739 2213 ῥᾳθυμίας
771 2158 938 2211 πολλὴν
970 2157 1039 2198 καὶ
1071 2156 1262 2210 μεγάλην
1287 2154 1423 2210 ὑπάρ-
1505 2135 1520 2158 ⁰

28 2245 62 2271 30
82 2239 247 2282 χουσαν
272 2226 377 2279 ὑμῖν
403 2227 687 2279 εὐδαιμονίαν
712 2227 881 2277 τούτοις
907 2227 1167 2281 προϊέμενοι.
