1689 2531
83 70 140 114 xx]
524 67 651 100 ΚΑΤΑ
677 66 928 99 <mmmmm
952 67 982 98 Γ
1343 64 1424 105 105

84 165 163 207 τὸν
204 161 471 217 πολεμοῦνθ’
503 162 608 215 ὑμῖν
644 160 854 216 γενέσθαι
891 161 1065 216 κύριον,
1107 166 1167 218 τῷ
1199 163 1426 203 Πελοπον-

85 236 264 290 νησίους
288 233 489 276 τάκείνου
517 239 747 288 φρονῆσαι.
783 227 874 274 εἶτα
892 232 971 274 τὸν
989 238 1118 274 τοῦτο
1138 233 1187 274 τὸ
1207 229 1419 287 μηχάνημ’

88 305 157 348 ἐπὶ
187 306 268 360 τὴν
298 306 428 347 πόλιν
460 304 651 358 ἱστάντα,
680 309 840 345 τοῦτον
874 304 1054 357 εἰρήνην
1084 304 1208 357 ἄγειν
1239 301 1323 357 ἐγὼ
1357 309 1424 356 φῶ

86 377 194 432 πρὸς
212 376 341 429 ὑμᾶς;
367 378 532 417 πολλοῦ
552 390 601 429 γε
621 374 692 416 καὶ
715 375 794 429 δεῖ,
819 371 911 415 ἀλλ’
936 371 1010 428 ἀφ’
1036 371 1084 428 ἧς
1104 372 1263 428 ἡμέρας
1284 372 1427 414 ἀνεῖλε

52 466 68 492 5
93 446 279 502 Φωκέας,
298 445 381 488 ἀπὸ
402 446 558 500 ταύτης
573 443 697 500 ἔγωγ’
719 445 854 487 αὐτὸν
867 448 1072 498 πολεμεῖν
1092 444 1297 499 ὁρίζομαι.
1317 444 1428 497 ὑμᾶς

88 515 144 573 δ’,
169 516 246 560 ἐὰν
264 514 482 572 ἀμύνησθ’
508 517 604 571 ἤδη,
630 517 936 571 σωφρονήσειν
957 516 1079 571 φημί,
1106 513 1182 557 ἐὰν
1202 512 1237 556 δ’
1266 513 1430 569 ἐάσητε,

87 588 191 631 οὐδὲ
209 586 335 630 τοῦθ’
363 589 467 631 ὅταν
492 588 717 642 βούλησθε
745 588 1016 641 δυνήσεσθαι
1042 592 1231 640 ποιῆσαι.
1263 585 1335 627 καὶ
1360 601 1427 627 το-

88 660 249 702 σοῦτόν
273 657 312 714 γ’
338 658 559 714 ἀφέστηκα
584 665 673 700 τῶν
699 659 843 700 ἄλλων
872 655 904 699 ὦ
926 658 1081 712 ἄνδρες
1098 655 1322 711 Ἀθηναῖοι
1341 663 1430 698 τῶν

89 731 496 784 συμβουλευόντων,
520 726 619 771 ὥστ’
651 729 755 771 οὐδὲ
781 729 900 770 δοκεῖ
924 744 996 780 μοι
1022 728 1120 783 περὶ
1146 729 1429 782 Χερρονήσου

36 821 67 845 10
86 807 173 843 νῦν
195 808 374 843 σκοπεῖν
394 801 496 843 οὐδὲ
511 801 767 854 Βυζαντίου,
793 797 884 841 ἀλλ’
906 798 1120 852 ἐπαμῦναι
1146 799 1226 851 μὲν
1247 798 1431 852 τούτοις,

89 872 160 914 καὶ
195 873 451 927 διατηρῆσαι
483 873 540 925 μή
572 886 612 912 τι
647 870 865 924 πάθωσιν,
898 872 964 912 καὶ
994 877 1074 920 τοῖς
1106 867 1219 911 οὖσιν
1250 871 1329 911 ἐκεῖ
1354 878 1430 910 νῦν

89 946 336 997 στρατιώταις
369 940 494 984 πάνθ’
531 945 633 984 ὅσων
668 943 717 982 ἂν
753 944 914 982 δέωνται
948 943 1188 990 ἀποστεῖλαι,
1226 940 1429 993 βουλεύε-

0 1019 68 1054 116
90 1018 196 1056 σθαι
222 1013 370 1066 μέντοι
395 1013 494 1065 περὶ
519 1012 696 1054 πάντων
721 1009 1044 1066 τῶνἙλλήνων
1070 1012 1126 1060 ὡς
1153 1009 1201 1053 ἐν
1237 1011 1430 1066 κινδύνῳ

89 1084 258 1141 μεγάλῳ
291 1084 591 1125 καθεστώτων.
629 1084 843 1136 βούλομαι
876 1080 912 1124 δ’
945 1084 1083 1124 εἰπεῖν
1114 1083 1220 1136 πρὸς
1251 1081 1362 1134 ὑμᾶς
1389 1080 1430 1131 ἐξ

39 1174 71 1200 15
91 1153 154 1198 ὧν
172 1153 281 1210 ὑπὲρ
301 1162 389 1196 τῶν
414 1154 678 1209 πραγμάτων
704 1154 817 1196 οὕτω
846 1155 1080 1208 φοβοῦμαι,
1105 1150 1178 1207 ἵν’,
1199 1154 1234 1194 εἰ
1261 1152 1340 1205 μὲν
1361 1152 1432 1206 ὀρ-

88 1230 180 1276 θῶς
214 1227 447 1280 λογίζομαι,
477 1225 711 1280 μετάσχητε
742 1232 830 1266 τῶν
864 1227 1084 1278 λογισμῶν
1114 1224 1186 1265 καὶ
1218 1223 1432 1277 πρόνοιάν

88 1295 170 1339 τιν’
195 1294 318 1350 ὑμῶν
343 1294 382 1350 γ’
408 1296 566 1350 αὐτῶν,
592 1297 628 1338 εἰ
654 1297 710 1350 μὴ
738 1296 808 1336 καὶ
828 1302 916 1338 τῶν
936 1296 1080 1336 ἄλλων
1100 1295 1182 1348 ἄρα
1202 1295 1433 1348 βούλεσθε,

89 1369 347 1422 ποιήσησθε,
381 1366 457 1408 ἐὰν
490 1368 537 1409 δὲ
570 1370 718 1421 ληρεῖν
750 1367 820 1407 καὶ
852 1370 1133 1420 τετυφῶσθαι
1166 1366 1293 1420 δοκῶ,
1329 1367 1432 1419 μήτε

89 1445 175 1481 νῦν
200 1436 294 1492 μήτ’
321 1435 453 1487 αὖθις
480 1438 535 1487 ὡς
561 1436 810 1491 ὑγιαίνοντί
833 1453 905 1488 μοι
931 1436 1179 1491 προσέχητε.

38 1528 71 1555 20
140 1507 234 1551 “On
268 1509 348 1562 μὲν
384 1510 436 1563 δὴ
472 1508 602 1562 μέγας
639 1507 684 1550 ἐκ
719 1514 875 1561 μικροῦ
910 1508 981 1549 καὶ
1015 1513 1222 1549 ταπεινοῦ
1254 1508 1302 1548 τὸ
1338 1504 1427 1548 κατ’

93 1580 224 1636 ἀρχὰς
255 1581 468 1629 Φίλιππος
493 1579 686 1633 ηὔξηται,
711 1579 782 1620 καὶ
808 1578 995 1628 ἀπίστως
1027 1579 1097 1620 καὶ
1125 1585 1434 1627 στασιαστικῶς

93 1651 241 1706 ἔχουσι
261 1652 368 1706 πρὸς
389 1649 546 1700 αὑτοὺς
567 1651 607 1692 οῑ
620 1648 837 1704 Ἕλληνες,
856 1650 927 1691 καὶ
948 1650 1013 1691 ὅτι
1032 1653 1178 1706 πολλῷ
1194 1647 1435 1702 παραδοξό-

93 1738 221 1777 τερον
241 1719 296 1775 ἧν
316 1728 529 1764 τοσοῦτον
549 1721 684 1763 αὐτὸν
711 1719 752 1770 ἐξ
776 1719 943 1762 ἐκείνου
964 1719 1173 1774 γενέσθαι
1193 1719 1217 1773 ἢ
1239 1726 1336 1773 νῦν,
1357 1717 1428 1761 ὅθ’

95 1793 208 1835 οὕτω
234 1793 373 1834 πολλὰ
398 1794 678 1846 προείληφεν,
702 1791 773 1832 καὶ
799 1792 850 1832 τὰ
872 1791 999 1833 λοιπὰ
1019 1789 1092 1846 ὑφ’
1120 1788 1235 1847 αὑτῷ
1255 1792 1435 1844 ποιήσα-

41 1882 74 1908 25
96 1867 215 1918 σθαι,
239 1863 309 1904 καὶ
335 1861 470 1904 πάνθ’
498 1864 577 1905 ὅσα
597 1861 759 1904 τοιαῦτ’
786 1861 840 1903 ἂν
860 1859 998 1917 ἔχοιμι
1019 1863 1274 1915 διεξελθεῖν,
1299 1876 1434 1915 παρα-

94 1936 239 1984 λείψω.
278 1933 357 1975 ἀλλ
402 1934 488 1987 ὁρῶ
525 1934 904 1988 συγκεχωρηκότας
937 1933 1127 1982 ἅπαντας
1160 1932 1436 1985 ἀνθρώπους,

94 2003 169 2060 ἀφ’
195 2003 318 2057 ὑμῶν
339 2004 618 2058 ἀρξαμένους,
643 2004 771 2061 αὐτῷ,
795 2001 903 2058 ὑπὲρ
937 2001 989 2045 οὗ
1016 2005 1093 2045 τὸν
1114 2004 1248 2044 ἄλλον
1269 2003 1436 2043 ἅπαντα

94 2077 255 2131 χρόνον
287 2075 443 2125 πάντες
476 2076 515 2116 οἱ
552 2076 731 2127 πόλεμοι
765 2075 1000 2128 γεγόνασιν
1034 2075 1075 2116 οἱ
1102 2072 1358 2127 Ἑλληνικοί.
1396 2074 1438 2114 τί

95 2143 177 2188 οὗν
209 2144 298 2187 ἐστι
330 2152 478 2197 τοῦτο;
516 2146 564 2187 τὸ
597 2152 739 2187 ποιεῖν
771 2145 793 2187 ὅ
820 2160 860 2186 τι
886 2146 1103 2198 βούλεται,
1134 2144 1205 2185 καὶ
1237 2141 1337 2185 καθ’
1369 2142 1429 2185 ἕν’

42 2235 76 2261 30
96 2215 254 2259 οὑτωσὶ
287 2218 563 2272 περικόπτειν
594 2216 665 2258 καὶ
698 2217 967 2258 λωποδυτεῖν
998 2222 1086 2257 τῶν
1110 2213 1332 2269 Ἑλλήνων
1366 2214 1437 2256 καὶ

1455 384 1497 415 19

1457 809 1500 840 20

1460 1519 1501 1549 21
