1689 2531
180 78 199 117 1
212 77 266 118 70
671 76 1044 109 ΔΗΜΟΣΘΕΝΟΤΣ
1440 75 1526 120 [nv

176 174 323 222 ἄλλοις
345 168 468 226 εἶναι,
489 170 598 213 ἀλλὰ
617 171 803 224 μάλιστα
829 171 909 223 μὲν
934 170 1124 225 πάντων,
1151 172 1187 212 εἰ
1209 171 1257 213 δὲ
1276 172 1333 225 μή
1353 186 1414 226 γε,
1438 178 1526 213 τῶν

175 244 466 298 ὑπαρχόντων
492 243 665 284 δούλων
692 241 831 299 ἑαυτῷ
851 248 936 283 νῦν
963 243 1125 297 ἄρχειν.

235 316 290 356 Εἰ
317 315 471 355 τοίνυν
502 329 566 363 τις
599 314 734 355 οἴεται
765 314 983 367 Θηβαίους
1019 311 1199 354 ἔσεσθαι
1224 310 1313 365 μετ’
1346 310 1527 369 ἐκείνου,

176 384 267 426 ἔστι
299 386 379 438 μὲν
411 386 594 439 χαλεπὸς
625 385 733 438 πρὸς
765 385 874 436 ὑμᾶς
907 383 929 425 ὁ
955 384 1054 438 περὶ
1086 383 1255 425 τούτων
1282 384 1409 438 λόγος
1436 381 1528 439 (διὰ

175 457 258 510 γὰρ
284 457 332 498 τὸ
359 463 504 509 μισεῖν
530 456 689 504 αὐτοὺς
716 453 809 497 οὐδ’
843 454 896 496 ἂν
923 454 1084 509 ἀληθὲς
1111 454 1244 496 οὐδὲν
1268 454 1404 508 ἡδέως
1425 452 1528 508 ἀγα-
1547 471 1563 496 5

175 528 265 569 θὸν
290 528 388 581 περὶ
415 526 561 568 αὐτῶν
587 525 850 581 ἀκούσαιτε)·
884 525 935 567 οὐ
968 526 1055 580 μὴν
1080 524 1190 566 ἀλλὰ
1216 525 1283 566 δεῖ
1307 526 1409 574 τοὺς
1429 525 1528 580 περὶ

175 598 441 653 πραγμάτων
460 597 660 651 μεγάλων
681 603 951 645 σκοποῦντας
971 595 1136 650 μηδένα
1158 595 1438 651 συμφέροντα
1458 598 1529 637 λο-

175 670 334 723 γισμὸν
360 672 622 722 παραλιπεῖν
649 668 721 709 διὰ
746 668 962 721 μηδεμίαν
987 668 1223 721 πρόφασιν.
1266 665 1349 721 ἐγὼ
1374 667 1529 708 τοίνυν

177 734 295 792 οἶμαι
321 745 535 781 τοσοῦτον
561 738 737 793 ἀπέχειν
767 739 987 792 Θηβαίους
1013 744 1091 779 τοῦ
1118 735 1206 790 μετ’
1233 736 1402 779 ἐκείνου
1428 751 1510 779 ποτ

177 810 231 852 ἀν
258 809 409 852 ἐλθεῖν
429 808 498 851 ἐπὶ
524 811 626 859 τοὺς
637 808 714 851 “Ei
718 813 861 864 ληνας,
889 810 998 850 ὥστε
1013 812 1188 850 πολλῶν
1215 807 1269 850 ἂν
1288 807 1531 866 χρημάτων,
1551 825 1583 850 ιο
1679 830 1688 854 ι,

178 883 214 923 εἰ
242 880 383 936 ἔχοιεν
410 883 580 935 δοῦναι,
604 882 820 935 πρίασθαι
847 879 1056 934 γενέσθαι
1082 877 1165 921 τιν’
1198 879 1345 928 αὐτοῖς
1376 879 1531 934 καιρὸν

177 950 232 994 δι’
265 950 317 994 οὗ
353 953 427 1002 τὰς
463 950 676 1007 προτέρας
715 951 1011 993 ἀναλύσονται
1046 951 1154 1005 πρὸς
1187 952 1290 1000 τοὺς
1319 948 1530 1004 ΓἘλληνας

177 1023 396 1079 ἁμαρτίας.
442 1025 478 1065 εἰ
512 1021 549 1065 δ’
582 1024 665 1077 ἄρα
696 1022 948 1064 παντάπασί
977 1037 1041 1071 τις
1067 1021 1205 1071 οὕτως
1238 1021 1372 1063 οἴεται
1399 1021 1531 1076 φύσει

179 1096 406 1150 δυστυχεῖς
438 1096 657 1149 Θηβαίους
685 1089 815 1148 εἶναι,
849 1091 988 1135 ἐκεῖνό
1015 1108 1064 1147 γε
1091 1094 1320 1147 δήπουθεν
1346 1092 1530 1142 ἅπαντες
1674 1099 1689 1136 8⁴,

179 1165 437 1220 ἐπίστασθε,
469 1166 535 1207 ὅτι
566 1167 771 1219 Θηβαίων
803 1163 1005 1206 τάκείνου
1035 1163 1339 1218 φρονούντων,
1365 1162 1530 1218 ἀνάγκη
1552 1179 1585 1205 15
1682 1187 1687 1210 1

179 1239 280 1287 τοὺς
306 1237 476 1278 τούτων
502 1235 690 1291 ἐχθροὺς
717 1237 769 1277 τὰ
794 1233 1126 1289 τῶνἙλλήνων
1153 1241 1348 1289 φρονεῖν.

231 1306 448 1362 “Ηγουμαι
480 1305 756 1361 τοίνυνγὲγὼ
789 1307 952 1360 ταύτην
985 1322 1066 1360 την
1097 1305 1219 1355 τάξιν
1253 1311 1331 1347 τοῦ
1360 1286 1531 1348 δικαίου
1554 1307 1628 1343 188

177 1395 249 1420 και
275 1381 376 1428 τοὺς
403 1376 491 1431 μετ’
524 1378 655 1432 αὐτῆς
683 1379 811 1427 ὄντας
837 1378 1059 1432 κρείττους
1091 1383 1179 1418 τῶν
1204 1377 1435 1428 προδοτῶν
1459 1393 1531 1418 και

178 1456 256 1491 τοῦ
289 1449 516 1504 βαρβάρου
551 1447 731 1491 ἔσεσθαι
763 1449 871 1503 πρὸς
898 1449 1078 1490 ἅπαντα.
1123 1445 1222 1489 ὥστ’
1248 1447 1356 1489 οὔτε
1383 1450 1532 1502 φοβεῖ-

179 1523 289 1563 σθαί
314 1537 424 1575 φημι
452 1521 547 1562 δεῖν
572 1519 682 1577 πέρα
707 1526 785 1562 τοῦ
812 1521 1004 1574 μετρίου,
1029 1516 1128 1560 οὔθ’
1155 1519 1408 1573 ὑπαχθῆναι
1428 1532 1533 1573 προ-
1554 1535 1587 1560 20

179 1592 330 1647 τέρους
358 1590 559 1647 ἐκφέρειν
584 1592 663 1633 τὸν
688 1593 890 1643 πόλεμον.
935 1590 1006 1631 καὶ
1032 1590 1118 1644 μὴν
1145 1589 1249 1631 οὐδὲ
1274 1596 1362 1631 τῶν
1388 1590 1533 1631 ἄλλων

180 1661 324 1706 οὐδέν’
370 1662 425 1704 ἒὶν
463 1664 638 1712 εἰκότως
670 1660 893 1716 Ἑλλήνων
932 1660 1189 1715 φοβηθέντα
1226 1661 1304 1702 τὸν
1341 1661 1533 1713 πόλεμον

145 1750 151 1758 ·
180 1741 339 1778 τοῦτον
366 1734 464 1787 ὁρῶ.
497 1735 560 1783 τίς
586 1734 669 1787 γὰρ
697 1733 777 1775 οὐκ
803 1728 925 1775 οἶδεν
951 1731 1096 1773 αὐτῶν
1117 1732 1196 1785 ὅτι,
1221 1730 1324 1780 τέως
1344 1732 1425 1783 μὲν
1443 1746 1533 1772 κοι-

180 1808 262 1849 νὸν
301 1804 465 1860 ἐχθρὸν
505 1804 673 1846 ἐκεῖνον
717 1804 1006 1858 ὑπειληφότες
1051 1803 1281 1855 ὡμονόουν
1319 1801 1534 1856 ἀλλήλοις,

179 1881 357 1920 πολλῶν
394 1876 579 1930 ἀγαθῶν
616 1873 729 1929 ἦσαν
766 1875 924 1929 κύριοι,
962 1873 1110 1928 ἐπειδὴ
1151 1874 1199 1915 δὲ
1230 1875 1365 1928 φίλον
1396 1873 1532 1915 αὐτὸν
1552 1889 1584 1915 25

180 1950 438 2002 νομίσαντες
465 1947 613 1996 αὐτοῖς
639 1946 852 2001 ὑπάρχειν
878 1945 976 1999 περὶ
996 1952 1085 1987 τῶν
1110 1946 1218 1999 πρὸς
1239 1943 1420 1994 ἑαυτοὺς
1441 1944 1533 1998 διη-

180 2019 405 2074 νέχθησαν
432 2019 678 2072 διαφόρων,
705 2015 767 2060 ὄσ’
801 2017 855 2059 ἂν
882 2017 985 2059 οὐδὲ
1011 2016 1312 2070 καταρώμενος
1337 2012 1447 2069 ηὗρέ
1469 2030 1533 2064 τις

182 2091 342 2145 αὐτοῖς,
373 2096 563 2132 τοσαῦτα
595 2091 874 2131 πεπόνθασιν
905 2088 1032 2137 κακάς
1071 2083 1155 2129 εἷθ’
1188 2087 1240 2129 ὃν
1271 2087 1297 2141 ἡ
1329 2086 1436 2141 τύχη
1462 2086 1533 2128 καὶ

181 2164 229 2205 τὸ
252 2162 482 2214 δαιμόνιον
504 2162 637 2215 φίλον
657 2161 737 2213 μὲν
751 2160 996 2213 ἀλυσιτελῆ,
1016 2158 1297 2213 συμφέροντα
1312 2155 1349 2199 δ’
1370 2155 1534 2212 ἐχθρὸν

183 2233 418 2287 ἐμφανίζει,
444 2238 603 2273 τοῦτον
622 2232 742 2285 ἡμεῖς
765 2231 1026 2286 φοβώμεθα;
1054 2230 1276 2284 μηδαμῶς·
1301 2228 1411 2270 ἀλλὰ
1429 2225 1527 2282 μηδ’
1554 2245 1587 2270 30
