1689 2531
95 75 168 119 m]
501 74 757 106 ΕΠΙΣΤΟΛΗ
782 73 1034 106 ΦΙΛΙΠΠΟΤ
1353 71 1436 112 145

99 166 268 226 Θρᾴκης
306 170 473 224 ἄρχειν,
508 169 565 219 ὡς
596 170 723 219 ὄντας
745 166 1016 223 Ἀθηναίους.
1060 167 1142 222 ἐγὼ
1176 167 1224 209 δὲ
1254 167 1437 216 τούτους

96 241 197 283 οὔτε
220 248 309 282 τῶν
333 241 432 296 περὶ
462 247 537 294 τῆς
563 242 736 295 εἰρήνης
762 244 1000 294 συνθηκῶν
1025 235 1124 281 οἶδα
1148 239 1438 293 μετασχόντας

95 312 202 364 ὑμῖν
232 310 323 353 οὔτ’
355 310 403 353 ἐν
433 318 526 361 ταῖς
558 313 733 365 στήλαις
764 309 1173 365 ἀναγεγραμμένους
1199 308 1290 351 οὔτ’
1317 308 1437 363 Ἀθη-

95 383 247 432 ναίους
272 383 413 437 ὄντας,
437 382 547 424 ἀλλὰ
578 384 724 436 Τήρην
748 382 828 435 μὲν
852 381 938 435 μετ’
967 380 1072 434 ἐμοῦ
1094 381 1440 436 στρατευόμενον

60 472 76 497 5
96 450 164 507 ἐφ’
194 453 318 508 ὑμᾶς,
342 452 680 508 Κερσοβλέπτην
712 453 760 495 δὲ
785 460 876 503 τοῖς
900 450 998 507 παρ’
1024 451 1129 504 ἐμοῦ
1155 453 1440 506 πρεσβευταῖς

98 525 188 581 ἰδία
205 524 285 577 μὲν
303 526 404 573 τοὺς
425 524 582 578 ὅρκους
602 524 756 576 ὀμόσαι
776 524 1160 578 προθυμούμενον,
1184 521 1440 564 κωλυθέντα

97 592 134 636 δ’
167 594 250 637 ὑπὸ
282 602 370 636 τῶν
400 594 620 649 ὑμετέρων
653 602 906 649 στρατηγῶν
936 593 1274 648 ἀποφαινόντων
1306 592 1441 634 αὐτὸν

96 665 340 720 Ἀθηναίων
367 664 541 720 ἐχθρόν.
572 667 713 707 καίτοι
738 672 827 715 πῶς
848 664 938 706 ἐστι
957 662 1072 706 τοῦτ’
1093 664 1192 706 ἴσον
1210 663 1235 717 ἢ
1258 664 1442 717 δίκαιον,

3 741 76 776 161
99 737 204 779 ὅταν
228 737 309 790 μὲν
333 736 440 789 ὑμῖν
466 736 679 793 συμφέρῃ,
710 740 918 788 πολέμιον
944 730 1068 791 εἶιναι
1095 734 1281 790 φάσκειν
1306 733 1441 775 αὐτὸν

45 826 78 851 10
97 814 172 862 τῆς
196 809 373 862 πόλεως,
398 808 504 850 ὅταν
529 804 566 849 δ’
587 805 659 859 ἐμὲ
685 813 979 861 συκοφαντεῖν
998 806 1235 860 βούλησθε,
1259 805 1442 858 πολίτην

751 877 760 891 e
806 875 815 890 ‚
858 877 868 891 e
917 884 934 891 -

99 949 415 1003 ἀποθανόντος,
448 943 481 1006 ᾧ
507 948 706 1001 μετέδοτε
731 954 805 1001 τῆς
831 949 1060 1002 πολιτείας,
1095 947 1231 996 εὐθὺς
1263 949 1441 1000 ποιήσα-

100 1024 208 1062 σθαι
243 1020 351 1074 πρὸς
387 1022 466 1061 τὸν
503 1019 818 1061 ἀποκτείναντα
850 1020 1022 1073 φιλίαν,
1058 1018 1166 1072 ὑπὲρ
1203 1018 1251 1059 δὲ
1278 1020 1443 1072 Κερσο-

100 1091 288 1145 βλέπτου
314 1092 506 1143 πόλεμον
531 1090 735 1144 αἴρεσθαι
761 1091 868 1144 πρὸς
893 1090 1020 1143 ἡμᾶς;
1045 1089 1117 1130 καὶ
1139 1094 1274 1130 ταῦτα
1295 1095 1443 1141 σαφῶς

49 1181 82 1206 15
102 1163 270 1211 εἰδότας
296 1162 361 1204 ὅτι
387 1168 476 1203 τῶν
502 1162 816 1214 λαμβανόντων
847 1160 921 1210 τὰς
948 1160 1111 1214 δωρεὰς
1142 1161 1217 1208 τὰς
1242 1158 1444 1207 τοιαύτας

102 1233 247 1282 οὐδεὶς
283 1233 384 1275 οὔτε
414 1239 503 1273 τῶν
539 1233 688 1284 νόμων
725 1232 825 1273 οὔτε
861 1238 950 1272 τῶν
986 1229 1279 1284 ψηφισμάτων
1313 1229 1445 1271 οὐδὲν

103 1305 323 1359 φροντίζει
348 1310 436 1345 τῶν
455 1302 686 1357 ὑμετέρων.
718 1302 770 1344 οὐ
792 1303 877 1355 μὴν
897 1298 988 1342 ἀλλ’
1009 1302 1046 1343 εἰ
1067 1301 1133 1342 δεῖ
1152 1299 1292 1341 πάντα
1311 1300 1445 1341 τᾶλλα

87 1375 402 1428 ’παραλιπόντα
446 1373 669 1425 συντόμως
714 1374 864 1426 εἰπεῖν,
906 1372 1027 1423 ὑμεῖς
1064 1369 1186 1412 ἔδοτε
1223 1371 1446 1412 πολιτείαν

103 1445 311 1501 Εὐαγόρᾳ
343 1450 403 1502 τῷ
423 1445 606 1500 Κυπρίῳ
638 1444 709 1485 καὶ
741 1444 966 1498 Διονυσίῳ
998 1447 1058 1499 τῷ
1083 1442 1343 1498 Συρακοσίῳ
1376 1441 1447 1482 καὶ

51 1535 85 1561 20
103 1523 193 1566 τοῖς
220 1514 414 1569 ἐκγόνοις
439 1522 528 1565 τοῖς
556 1514 745 1556 ἐκείνων.
787 1513 864 1556 ἐὰν
889 1511 971 1555 οὖν
996 1514 1169 1566 πείσητε
1194 1514 1296 1562 τοὺς
1323 1513 1447 1565 ἐκβα-

106 1588 259 1636 λόντας
297 1585 524 1640 ἑκατέρους
567 1585 712 1627 αὐτῶν
756 1584 998 1627 ἀποδοῦναι
1035 1584 1168 1625 πάλιν
1205 1584 1278 1632 τὰς
1316 1582 1448 1637 ἀρχὰς

105 1664 194 1707 τοῖς
230 1656 478 1711 ἐκπεσοῦσι,
511 1659 740 1708 κομίζεσθε
771 1656 842 1697 καὶ
876 1653 974 1709 παρ’
1007 1653 1112 1707 ἐμοῦ
1144 1655 1224 1708 τὴν
1260 1652 1450 1710 Θρᾴκην,

107 1729 210 1782 ὅσης
251 1730 390 1781 Τήρης
427 1728 498 1769 καὶ
536 1726 868 1781 Κερσοβλέπτης
902 1723 1048 1780 ἦρχον.
1091 1727 1127 1767 εἰ
1164 1725 1211 1766 δὲ
1245 1731 1335 1774 τοῖς
1370 1724 1450 1776 μὲν

108 1797 288 1840 ἐκείνων
312 1800 578 1851 κρατήσασιν
603 1795 700 1851 μηδ’
722 1796 919 1851 ἐγκαλεῖν
944 1795 1115 1846 ἀξιοῦτε
1140 1795 1289 1849 μηδέν,
1315 1793 1387 1847 ἐμὲ
1407 1796 1444 1836 δ’

55 1889 88 1914 25
108 1868 335 1924 ἐνοχλεῖτε,
359 1876 448 1918 πῶς
474 1868 526 1910 οὐ
554 1869 728 1917 δικαίως
754 1868 864 1919 ὑμᾶς
889 1866 1136 1920 ἀμυνοίμην
1161 1868 1234 1915 ἅν;

167 1941 280 1995 Περὶ,
311 1941 391 1992 μὲν
422 1937 504 1981 οὖν
534 1939 703 1981 τούτων
737 1939 876 1980 πολλὰ
902 1937 1044 1992 λέγειν
1069 1935 1181 1992 ἔχων
1207 1935 1268 1978 ἔτι
1295 1937 1452 1989 δίκαια,

108 2014 370 2066 παραλιπεῖν
400 2016 708 2064 προαιροῦμαι·
745 2010 1011 2063 Καρδιανοῖς
1044 2008 1095 2050 δέ
1119 2023 1229 2062 φημι
1255 2010 1454 2061 βοηθεῖν,

109 2082 299 2136 γεγονὼς
330 2081 477 2130 αὐτοῖς
503 2081 586 2132 πρὸ
612 2087 685 2134 τῆς
712 2081 884 2134 εἰρήνης
911 2080 1144 2134 σύμμαχος,
1170 2078 1250 2120 οὐκ
1276 2076 1453 2119 ἐθελόν-

110 2168 198 2194 των
224 2149 261 2193 δ’
293 2153 416 2204 ὑμῶν
442 2150 593 2193 ἐλθεῖν
619 2153 679 2200 εἰς
705 2152 862 2205 κρίσιν,
887 2150 1093 2199 πολλάκις
1119 2150 1198 2202 μὲν
1226 2147 1330 2201 ἐμοῦ
1358 2149 1454 2201 δεη-

60 2241 94 2266 so
113 2223 283 2278 θέντος,
308 2222 607 2276 οὐκῖὀλιγάκις
634 2220 670 2263 δ’
704 2220 899 2263 ἐκείνων·
925 2221 1034 2263 ὥστε
1060 2228 1148 2270 πῶς
1175 2220 1254 2262 οὐκ
1280 2218 1334 2260 ἂν
1361 2219 1455 2273 εἴην

183 2299 432 2331 Dnuomust'ol.
452 2298 464 2323 Ι
1248 2292 1290 2323 10

0 2213 2 2347 Q

0 2403 4 2531 ι

1473 1311 1514 1341 10

1480 1948 1520 1977 11
