1689 2531
917 592 959 634 Π

679 688 1133 737 ΟΛὙΝΘΙΑΚΟΣ
1170 690 1211 737 Β

813 799 1069 832 ΤΠΟΘΕΣΙΣ

328 887 587 939 Προσήκαντο
620 884 691 937 μὲν
722 886 794 936 τὴν
826 887 1034 937 πρεσβείαν
1065 893 1143 926 τῶν
1172 883 1391 927 Ὀλυνθίων
1423 889 1464 927 οἱ
1490 885 1611 940 Ἀθη-
1687 910 1689 931 1

269 956 391 1002 ναῖοι,
423 951 489 990 καὶ
521 953 687 1003 βοηθεῖν
720 951 851 999 αὐτοῖς
883 953 1095 1002 κεκρίκασι·
1135 951 1314 1003 μέλλουσι
1346 951 1387 993 δὲ
1420 953 1506 1005 περὶ
1539 954 1610 1005 τὴν

268 1017 404 1063 ἔξοδον
430 1016 495 1055 καὶ
521 1017 692 1056 δεδιόσιν
719 1014 770 1063 ὡς
802 1017 1098 1067 δυσπολεμήτον
1130 1023 1200 1056 τοῦ
1229 1018 1442 1070 Φιλίππου,
1473 1023 1611 1072 παρελ-
1669 1028 1689 1075 ἡ

269 1081 357 1121 θὼν
379 1080 398 1120 ὀ
419 1081 685 1132 Δημοσθένης
704 1088 880 1133 πειρᾶται
900 1082 1118 1134 θαρσύνειν
1137 1082 1204 1121 τὸν
1227 1083 1368 1134 δῆμον,
1393 1083 1612 1132 ἐπιδεικνὺς

269 1146 321 1194 ὡς
347 1146 497 1197 ἀσθενῆ
523 1146 569 1184 τὰ
589 1152 657 1185 τοῦ
680 1146 916 1193 ιΜακεδόνος
935 1147 1151 1199 πράγματα.
1183 1146 1248 1186 καὶ
1268 1147 1339 1200 γὰρ
1359 1152 1439 1195 τοῖς
1459 1149 1608 1200 συμμά-
1630 1164 1644 1190 5
1672 1194 1673 1197 Ἴ

269 1227 350 1263 χοις
383 1212 560 1250 ὕποπτον
593 1211 712 1250 αὐτὸν
744 1207 847 1250 εἶναί
876 1224 975 1262 φησι
1004 1211 1069 1250 καὶ
1094 1211 1189 1250 κατὰ
1216 1212 1287 1263 τὴν
1313 1213 1417 1252 ἰδίαν
1443 1213 1611 1265 δύναμιν
1672 1184 1682 1245 ἡ

270 1276 342 1315 οὐκ
365 1277 539 1329 ἰσχυρόν·
561 1275 652 1323 τοὺς
666 1275 737 1328 γὰρ
752 1276 991 1324 ΞῙΙακεδόνας
1006 1275 1189 1323 ἀσθενεῖς
1209 1273 1309 1316 εἶναι
1327 1273 1423 1317 καθ’
1439 1277 1612 1326 ἑαυτούς.

332 1384 425 1427 Ἐπὶ
460 1389 638 1427 πολλῶν
671 1386 752 1439 μὲν
791 1387 846 1427 ἄν
879 1402 945 1436 τις
984 1387 1098 1428 ἰδεῖν
1132 1383 1165 1428 ὦ
1201 1387 1358 1440 ἄνδρες
1391 1387 1612 1442 Ἀθηναῖοι
1634 1393 1677 1428 18

271 1458 391 1498 δοκεῖ
417 1473 491 1511 μοι
519 1459 600 1510 τὴν
624 1458 742 1511 παρὰ
768 1465 857 1499 τῶν
882 1461 1004 1499 θεῶν
1029 1458 1209 1499 εὔνοιαν
1240 1459 1438 1514 φανερὰν
1468 1474 1611 1513 γιγνο-

269 1528 408 1582 μένην
440 1534 490 1583 τῇ
523 1530 667 1582 πόλει,
701 1528 778 1583 οὐχ
809 1529 964 1582 ’ἥκιστα
998 1528 1038 1569 δ’
1070 1527 1118 1571 ἐν
1144 1536 1236 1578 τοῖς
1260 1535 1450 1584 παροῦσι
1476 1529 1612 1584 πράγ-
1633 1533 1688 1578 ιοὺ

269 1610 421 1653 μασιν·
454 1600 501 1640 τὸ
528 1600 610 1653 γὰρ
637 1601 741 1649 τοὺς
766 1602 1091 1654 πολεμήσοντας
1120 1601 1323 1657 Φιλίππῳ
1349 1605 1614 1655 γεγενῆσθαι

270 1670 341 1711 καὶ
374 1671 520 1724 χώραν
553 1671 718 1725 ὅμορον
749 1670 820 1712 καὶ
857 1671 1048 1724 δύναμίν
1079 1687 1178 1713 τινα
1204 1671 1511 1726 κεκτημένους,
1542 1671 1613 1714 καὶ

270 1742 318 1783 τὸ
351 1741 558 1794 μέγιστον
589 1742 809 1795 ἁπάντων,
841 1744 921 1797 τὴν
952 1740 1063 1797 ὑπὲρ
1095 1749 1175 1784 τοῦ
1211 1742 1403 1797 πολέμου
1437 1743 1614 1798 γνώμην

271 1813 480 1866 τοιαύτην
493 1810 685 1867 ἔχοντας,
705 1814 814 1855 ὥστε
833 1815 909 1864 τὰς
927 1815 1036 1868 πρὸς
1057 1814 1227 1856 ἐκεῖνον
1248 1814 1482 1868 διαλλαγὰς
1499 1821 1614 1868 πρῶ-

270 1899 348 1924 τον
377 1883 457 1937 μὲν
490 1882 718 1938 ἀπίστους,
751 1882 844 1926 εἶτα
875 1892 951 1940 τῆς
984 1884 1153 1927 ἑαυτῶν
1184 1886 1394 1939 πατρίδος
1423 1885 1614 1939 νομίζειν
1634 1900 1689 1928 1⁵1

273 1953 529 2008 ἀνάστασιν,
563 1955 768 2011 δαιμονίᾳ
800 1955 887 1997 τινὶ
922 1957 994 1998 καὶ
1028 1959 1132 2012 θεία
1166 1957 1440 1998 παντάπασιν
1474 1952 1615 1997 ἔοικἐν

272 2026 509 2081 εὐεργεσία.
561 2027 628 2067 δεῖ
663 2029 819 2069 τοί-νυν
854 2025 887 2069 ὦ
924 2029 1082 2080 ἄνδρες
1115 2027 1338 2082 Ἀθηναῖοι
1375 2024 1490 2068 τοῦτ’
1532 2026 1614 2080 ἤδη

272 2104 452 2138 σκοπεῖν
490 2097 670 2150 αὐτούς,
712 2097 828 2147 ὅπως
864 2100 921 2153 μὴ
961 2100 1134 2153 χείρους
1171 2096 1270 2152 περὶ
1308 2097 1418 2152 ἡμᾶς
1455 2097 1615 2146 αὐτοὺς

271 2164 384 2209 εἶναι
418 2167 604 2222 δόξομεν
636 2176 725 2209 τῶν
756 2169 1058 2224 ὑπαρχόντων,
1091 2170 1149 2219 ὡς
1178 2171 1269 2211 ἔστι
1294 2176 1382 2211 τῶν
1407 2169 1613 2223 αἰσχρῶν,

271 2241 439 2292 μᾶλλον
466 2240 514 2281 δὲ
539 2247 628 2281 τῶν
654 2242 903 2295 αἰσχίστων,
927 2243 984 2296 μὴ
1011 2243 1151 2296 μόνον
1177 2242 1349 2283 πόλεων
1373 2239 1443 2282 καὶ
1469 2240 1614 2281 τόπων
1632 2255 1666 2281 20
