1689 2531
93 90 184 134 vm]
432 89 547 120 ΠΕΡΙ
571 87 668 119 ΤΩΝ
692 87 758 119 EN
783 85 1096 119 ΧΕΡΡΟΝΗΣΩΙ
1382 83 1441 124 89

93 201 182 227 των
214 184 428 233 Φίλιππός
455 180 540 224 ἐστ’
572 182 725 231 αἴτιος·
752 183 788 223 εἰ
814 178 897 235 γὰρ
925 179 1089 230 ἐκεῖνος
1115 177 1222 234 ἦγεν
1242 180 1443 235 ἡσυχίαν,

94 255 226 298 οὐδὲν
252 254 307 296 ἂν
331 251 387 308 ἧν
412 259 588 308 πρᾶγμα
612 259 664 308 τῇ
690 253 850 307 πόλειίί,
875 253 931 302 ὡς
950 252 1031 304 μὲν
1051 251 1131 293 οὐκ
1151 251 1295 305 ἀληθῆ
1315 248 1434 292 ταῦτ’

96 325 217 368 ἐστὶν
243 325 324 367 οὐκ
347 322 454 380 ἔχετ’
488 323 744 378 ἀντιλέγειν,
769 324 990 378 ἄχθεσθαι
1017 321 1068 364 δέ
1090 338 1162 375 μοι
1184 323 1350 364 δοκεῖτε
1370 321 1441 363 καὶ

96 398 239 451 ὥσπερ
267 395 510 438 ἀπολλύναι
536 410 576 436 τι
597 395 800 447 νομίζειν.
833 394 975 436 αἴτιον
1001 393 1049 435 δὲ
1068 393 1238 435 τούτων
1260 392 1275 441 (
1278 394 1352 434 καί
1368 408 1442 445 μοι

60 485 74 511 5
95 468 202 523 πρὸς
235 472 376 522 θεῶν,
402 467 507 508 ὅταν
532 464 659 507 ἕνεκα
684 471 763 506 τοῦ
789 466 1018 518 βελτίστου
1046 464 1169 519 λέγω,
1200 462 1308 505 ἔστω
1335 479 1444 518 παρ-

94 537 263 594 ρησία)·
301 536 676 592 παρεσκευάκασιν
707 536 817 588 ὑμᾶς
843 543 931 577 τῶν
957 534 1308 587 πολιτευομένων
1333 532 1445 576 ἔνιοι

95 608 143 651 ἐν
176 609 256 662 μὲν
287 616 380 657 ταῖς
416 606 659 661 ἐκκλησίαις
696 608 914 661 φοβεροὺς
950 607 1020 648 καὶ
1055 606 1287 661 χαλεπούς,
1322 604 1370 647 ἐν
1396 606 1446 646 δὲ

94 688 186 729 ταῖς
206 685 498 732 παρασκευαῖς
519 686 611 728 ταῖς
631 684 709 720 τοῦ
724 678 916 730 πολέμου
932 677 1160 734 ῥᾳθύμους
1175 677 1246 718 καὶ
1267 676 1446 718 εὐκατα-

95 752 354 805 φρονήτους.
406 749 460 791 ἂν
498 749 578 802 μὲν
616 746 698 790 οὖν
736 750 814 790 τὸν
852 749 994 790 αἴτιον
1032 749 1129 805 εἴπῃ
1161 764 1225 797 τις
1258 747 1310 789 ὃν
1348 746 1443 788 ἴσθ’

0 865 1 869 ,
42 839 74 864 10
95 823 161 864 ὅτι
194 823 389 875 λήψεσθε
420 818 519 875 παρ’
552 820 659 872 ὑμῖν
685 820 852 874 αὐτοῖς,
888 820 997 874 φατὲ
1029 820 1100 860 καὶ
1126 820 1364 873 βούλεσθε·
1392 817 1448 859 ἀν

24 897 74 931 98
95 893 143 934 δὲ
169 898 372 934 τοιοῦτον
399 891 501 949 λέγῃ
527 907 611 946 τις,
643 891 695 932 ὃν
726 890 1037 946 κραῖτήσαντας
1068 898 1158 940 τοῖς
1186 890 1348 943 ὅπλοις,
1373 890 1447 930 ἄλ-

96 967 178 1013 λως
211 962 250 1005 δ’
283 963 363 1005 οὐκ
395 961 515 1004 ἔστιν
548 962 742 1016 κολάσαι,
774 962 853 1002 οὐκ
879 959 984 1016 ἔχετ’
1017 958 1136 1014 οἶμαι
1167 962 1211 1002 τί
1234 962 1447 1014 ποιήσετε,

96 1033 418 1089 ἐξελεγχόμενοι
440 1031 476 1075 δ’
503 1034 711 1088 ἄχθεσθε.
745 1031 876 1087 ἐχρῆν
896 1033 977 1086 γὰρ
1000 1029 1032 1073 ὦ
1055 1033 1210 1085 ἄνδρες
1221 1029 1446 1085 Ἀθηναῖοι

94 1105 357 1147 τούναντίον
382 1105 408 1158 ἢ
434 1111 521 1146 νῦν
553 1105 744 1153 ἅπαντας
776 1105 877 1153 τοὺς
903 1102 1268 1156 πολιτευομένους
1295 1101 1343 1144 ἐν
1368 1102 1448 1154 μὲν

44 1193 75 1218 15
96 1184 188 1226 ταῖς
216 1175 459 1230 ἐκκλησίαις
486 1175 652 1229 πράους
678 1176 749 1216 καὶ
777 1175 1122 1229 φιλανθρώπους
1149 1174 1258 1226 ὑμᾶς
1286 1172 1449 1224 ἐθίζειν

96 1243 209 1289 εἶναι
248 1246 374 1303 (πρὸς
412 1248 494 1301 γὰρ
534 1247 644 1299 ὑμᾶς
680 1246 839 1295 αὐτοὺς
874 1246 945 1287 καὶ
979 1247 1081 1295 τοὺς
1118 1245 1369 1300 συμμάχους
1401 1243 1449 1286 ἐν

95 1318 272 1367 ταύταις
309 1317 398 1359 ἐστὶ
433 1318 485 1359 τὰ
524 1316 709 1372 δίκαια),
745 1316 792 1358 ἐν
826 1317 873 1358 δὲ
905 1323 997 1366 ταῖς
1028 1324 1322 1370 παρασκευαῖς
1357 1323 1449 1365 ταῖς

96 1394 174 1430 τοῦ
201 1388 392 1441 πολέμου
421 1391 639 1443 φοβεροὺς
666 1389 736 1429 καὶ
764 1389 976 1442 χαλεποὺς
1004 1386 1301 1429 ἐπιδεικνύναι
1323 1386 1449 1441 (πρὸς

96 1460 178 1514 γὰρ
199 1461 301 1509 τοὺς
323 1458 511 1515 ἐχθροὺς
532 1460 602 1501 καὶ
622 1461 724 1508 τοὺς
745 1459 1008 1508 ἀντιπάλους
1030 1457 1078 1499 ἐν
1099 1457 1283 1507 ἐκείναις
1305 1455 1398 1499 ἐσθ’
1427 1457 1448 1499 ὁ

46 1547 80 1572 20
100 1529 250 1587 ἀγών).
271 1536 358 1572 νῦν
379 1531 425 1571 δὲ
447 1531 809 1584 δημαγωγοῦντες
832 1529 939 1582 ὑμᾶς
960 1530 1030 1571 καὶ
1050 1531 1319 1584 χαριζόμενοι
1344 1526 1444 1570 καθ’

97 1601 347 1655 ὑπερβολὴν
374 1600 486 1642 οὕτω
515 1602 848 1655 διατεθήκασιν,
873 1598 972 1641 ὥστ’
1005 1599 1053 1642 ἐν
1078 1601 1158 1652 μὲν
1183 1609 1275 1649 ταῖς
1303 1598 1451 1653 ἐκκλη-

100 1673 212 1721 σίαις
228 1677 403 1726 τρυφᾶν
422 1672 493 1713 καὶ
514 1672 832 1713 κολακεύεσθαι
853 1671 993 1712 πάντα
1014 1672 1121 1725 πρὸς
1142 1672 1308 1725 ἡδονὴν
1323 1670 1452 1711 ἀκού-

99 1758 240 1797 οντας,
260 1741 308 1784 ἐν
329 1743 375 1784 δὲ
396 1751 486 1792 τοῖς
506 1743 728 1796 πράγμασι
748 1742 819 1783 καὶ
839 1749 929 1791 τοῖς
949 1741 1225 1796 γιγνομένοις
1246 1742 1344 1794 περὶ
1364 1748 1452 1782 τῶν

99 1812 291 1868 ἐσχάτων
317 1814 399 1867 ἤδη
426 1814 716 1855 κινδυνεύειν.
750 1814 855 1867 ([έρε
882 1814 963 1867 γὰρ
985 1814 1092 1866 πρὸς
1113 1814 1235 1867 Διός,
1261 1814 1296 1854 εἰ
1319 1813 1452 1866 λόγον

47 1901 79 1926 25
99 1884 209 1936 ὑμᾶς
237 1884 522 1938 ἀπαιτήσειαν
549 1886 588 1926 οἱ
608 1883 813 1938 ”Ελληνες
840 1880 902 1925 ὧν
928 1884 1029 1925 νυνὶ
1049 1886 1267 1937 παρήκατε
1288 1890 1452 1936 καιρῶν

101 1955 173 1996 διὰ
199 1955 437 2012 ρᾳθυμίαν,
463 1956 532 1996 καὶ
554 1953 720 2008 ἔροινθ’
747 1955 874 2006 ὑμᾶς·
899 1955 1080 2009 »ἄνδρες
1092 1952 1330 2008 Ἀθηναῖοι,
1349 1953 1452 2005 πέμ-

100 2023 200 2067 πεθ’
233 2026 290 2075 ὡς
316 2026 425 2079 ἡμᾶς
452 2024 653 2068 ἑκάστοτε
679 2025 893 2079 πρέσβεις,
919 2026 989 2066 καὶ
1017 2023 1161 2078 λέγεθ’
1194 2025 1249 2074 ὡς
1278 2023 1452 2078 ἐπιβου-

102 2096 217 2138 λεύει
241 2099 458 2146 Φίλιππος
484 2098 587 2150 ἡμῖν
614 2097 684 2137 καὶ
711 2102 815 2137 πᾶσι
842 2103 931 2145 τοῖς
949 2094 1169 2149 ’Έλλησιτς
1195 2096 1265 2136 καὶ
1292 2095 1347 2144 ὡς
1369 2111 1452 2149 φυ-

102 2167 336 2209 λάττεσθαι
369 2168 435 2209 δεῖ
471 2169 550 2209 τὸν
582 2168 842 2222 ἄνθρωπον,
878 2168 949 2208 καὶ
987 2167 1127 2208 πάντα
1159 2167 1211 2207 τὰ
1242 2166 1453 2217 τοιαυτί;ις

49 2255 81 2280 uo
101 2237 266 2292 ἀνάγκη
307 2238 492 2292 φάσκειν
530 2239 601 2279 καὶ
641 2238 889 2292 ὁμολογεῖν·
933 2243 1146 2289 ποιοῦμεν
1184 2238 1266 2290 γὰρ
1305 2243 1453 2278 ταῦτα.

1468 405 1514 435 32

1475 1043 1519 1073 33

1478 1539 1521 1570 34

1478 1964 1524 1994 35
