1689 2531
90 88 130 130 v]
522 86 637 118 ΠΕΡΙ
661 87 758 118 ΤΗΣ
782 86 997 118 ΕΙΡΗΝΗΣ
1377 68 1432 125 53

85 181 194 236 ὑπὲρ
221 183 385 231 πόλεως
408 180 747 235 βουλευομένοις
778 182 850 222 καὶ
874 181 1143 235 τηλικούτων
1168 181 1433 235 πραγμάτων

84 254 304 307 προσήκει,
330 252 443 303 ἕξειν
467 252 538 294 καὶ
565 251 708 306 λέγειν
734 252 805 293 καὶ
832 252 1150 305 συμβουλεύειν
1184 249 1242 293 δι’
1275 249 1336 293 ὧν
1362 253 1433 294 καὶ

84 324 135 365 τὰ
161 321 339 378 παρόντ’
371 321 489 365 ἔσται
516 324 671 377 βελτίω
704 324 776 364 καὶ
801 323 853 364 τὰ
884 324 1146 377 προκείμενα
1173 323 1432 379 σωθήσεται.

132 390 336 449 Ἀκριβῶς
369 393 416 436 δ’
442 395 566 443 εἰδὼς
599 391 630 435 ὦ
658 394 814 448 ἄνδρες
836 391 1062 448 Ἀθηναῖοι
1087 395 1136 436 τὸ
1164 394 1308 448 λέγειν
1333 395 1432 449 περὶ

47 481 62 506 ε.
83 463 146 507 ὧν
177 465 306 514 αὐτὸς
339 461 459 507 εἶπέν
492 481 556 515 τις
582 465 653 506 καὶ
685 465 783 519 περὶ
811 465 946 506 αὑτοῦ
972 462 1071 519 παρ’
1103 465 1209 517 ὑμῖν
1236 465 1319 507 αἰεὶ
1345 473 1433 507 τῶν

81 536 198 578 πάνυ
233 536 580 578 λυσιτελούντων
612 533 702 585 τοῖς
734 539 953 588 τολμῶσιν
979 538 1050 590 ὄν,
1081 535 1218 585 οὕτως
1243 537 1432 590 ἡγοῦμαι

83 608 294 662 φορτικὸν
322 607 393 648 καὶ
420 605 619 662 ἐπαχθές,
649 605 758 648 ὥστ’
783 606 979 661 ἀνάγκην
1011 604 1149 649 οὖσαν
1175 607 1292 660 ὁρῶν
1319 607 1431 660 ὅμως

10 682 60 717 58
82 678 269 720 ἀποκνῶ.
287 676 290 735 Ι
307 679 464 731 νομίζω
487 675 524 719 δ’
545 678 725 730 ἄμεινον
741 677 794 719 ἂν
807 677 917 730 ὑμᾶς
932 678 1029 732 περὶ
1044 675 1107 719 ὧν
1132 684 1217 719 νῦν
1237 677 1319 732 ἐρῶ
1340 686 1431 732 κρῖ-

81 765 167 804 ναι,
192 750 324 804 μικρὰ
349 756 438 791 τῶν
463 750 679 803 πρότερόν
704 763 808 790 ποτε
835 748 1064 803 ῥηθέντων
1090 746 1161 790 ὑπ’
1194 748 1299 801 ἐμοῦ
1326 765 1431 803 μνη-

28 837 60 862 10
79 820 387 873 μονεύσαντας.
421 818 503 874 ἐγὼ
535 820 617 874 γὰρ
647 817 678 860 ὦ
706 820 862 874 ἄνδρες
883 817 1104 874 Ἀθηναῖοι
1136 827 1311 874 πρῶτον
1338 820 1430 874 μέν,
1458 832 1471 848 ⁷

80 888 192 945 ἡνίκ’
229 889 412 932 ἔπειθον
444 891 595 945 [τινες]
624 890 753 945 ὑμᾶς,
783 898 872 932 τῶν
905 889 952 932 ἐν
969 891 1140 947 Εὐβοία
1165 891 1430 945 πραγμάτων

80 961 424 1017 ταραττομένων,
443 963 629 1015 βοηθεῖν
651 961 921 1018 Πλουτάρχῳ
936 962 1007 1003 καὶ
1027 963 1218 1014 πόλεμον
1238 962 1309 1003 καὶ
1329 963 1430 1004 ἄδο-

80 1031 156 1083 ξον
187 1032 259 1074 καὶ
292 1033 547 1087 δαπανηρὸν
579 1033 790 1086 ἅρασθαι,
824 1040 992 1086 πρῶτος
1019 1033 1089 1074 καὶ
1115 1034 1247 1085 μόνος
1273 1037 1430 1087 παρελ-

79 1104 178 1145 θὼν
209 1103 436 1157 ἀντεῖπον,
467 1103 538 1144 καὶ
570 1104 708 1155 μόνον
740 1103 792 1145 οὐ
821 1103 1097 1158 διεσπάσθην
1128 1104 1213 1145 ὑπὸ
1245 1111 1333 1145 τῶν
1360 1103 1430 1146 ἐπὶ

27 1191 60 1216 15
80 1181 250 1229 μικροῖς
277 1176 465 1228 λήμμασι
491 1175 630 1216 πολλὰ
656 1174 726 1215 καὶ
752 1172 898 1228 μεγάλ’
925 1174 1034 1226 ὑμᾶς
1056 1174 1320 1229 ἁμαρτάνειν
1339 1190 1430 1217 πει-

79 1245 269 1287 σάντων·
295 1245 366 1286 καὶ
387 1246 549 1300 χρόνου
570 1245 752 1300 βραχέος
774 1245 1042 1300 διελθόντος,
1067 1247 1172 1298 μετὰ
1192 1253 1269 1287 τοῦ
1296 1258 1429 1301 προσ-

79 1319 236 1370 οφλεῖν
250 1316 466 1370 αἰσχύνην
479 1316 549 1357 καὶ
564 1319 727 1357 παθεῖν
742 1310 812 1357 οἷα
825 1323 913 1357 τῶν
927 1318 1069 1358 ὄντων
1089 1316 1341 1371 ἀνθρώπων
1355 1317 1427 1359 οὐ-

78 1386 199 1436 δένες
234 1387 405 1428 πώποτε
440 1387 718 1428 πεπόνθασιν
750 1387 834 1428 ὑπὸ
867 1387 1036 1429 τούτων
1068 1382 1131 1437 οἷς
1164 1386 1430 1443 ἐβοήθησαν,

77 1457 234 1507 πάντες
266 1457 387 1510 ὑμεῖς
419 1455 578 1511 ἔγνωτε
605 1459 685 1511 τήν
710 1474 755 1499 τε
781 1465 868 1499 τῶν
894 1459 989 1500 τότε
1023 1465 1156 1500 ταῦτα
1182 1459 1428 1501 πεισάντων

25 1545 59 1570 20
80 1529 236 1569 κακίαν
270 1528 342 1569 καὶ
374 1529 426 1569 τὰ
457 1526 642 1581 βέλτιστ’
683 1526 866 1582 εἰρηκότ’
911 1528 994 1586 ἐμᾷ.
1038 1530 1171 1571 πάλιν
1203 1532 1356 1572 τοίνυν
1394 1528 1426 1572 ὦ

76 1599 232 1653 ἄνδρες
258 1597 479 1653 Ἀθηναῖοι
518 1600 707 1640 κατιδὼν
740 1601 1051 1652 Νεοπτόλεμον
1083 1601 1160 1642 τὸν
1186 1601 1427 1656 ὑποκριτὴν

74 1674 133 1726 τῷ
153 1669 233 1722 μὲν
257 1676 331 1723 τῆς
357 1669 509 1725 τέχνης
535 1673 805 1724 προσχήματι
833 1669 1088 1725 τυγχάνοντ’
1122 1671 1286 1726 ἀδείας,
1318 1674 1426 1714 κακὰ

75 1738 113 1781 δ’
146 1739 434 1795 ἐργαζόμενον
459 1742 511 1782 τὰ
537 1741 716 1795 μέγιστα
742 1742 822 1795 τὴν
848 1743 977 1783 πόλιν
1003 1743 1074 1783 καὶ
1100 1743 1151 1783 τὰ
1178 1741 1276 1796 παρ’
1302 1743 1426 1795 ὑμῶν

75 1811 326 1853 διοικοῦντα
357 1813 556 1868 Φιλίππῳ
583 1812 653 1853 καὶ
679 1813 1021 1867 πρυτανεύοντα,
1045 1814 1282 1867 παρελθὼν
1302 1811 1426 1856 εἶπον

23 1899 55 1924 25
78 1883 137 1932 εἰς
164 1882 288 1935 ὑμᾶς,
315 1882 518 1935 οὐδεμιᾶς
545 1884 656 1932 ἰδίας
690 1880 779 1924 οὔτ’
811 1881 972 1938 ἔχθρας
1004 1884 1103 1925 οὔτε
1131 1887 1425 1938 συκοφαντίας

39 1996 43 1999 ⁴
75 1952 218 2007 ἕνεκα,
251 1953 306 2002 ὡς
340 1952 385 1994 ἐκ
417 1960 504 1994 τῶν
530 1954 634 2006 μετὰ
661 1951 778 1994 ταῦτ’
811 1952 951 2008 ἔργων
982 1955 1136 2009 γέγονε
1164 1956 1309 2009 δῆλον.
1354 1956 1424 1997 καὶ

76 2021 215 2065 οὐκέτ’
243 2022 290 2065 ἐν
309 2024 479 2073 τούτοις
501 2025 747 2076 αἰτιάσομαι
774 2027 875 2074 τοὺς
895 2025 1003 2079 ὑπὲρ
1026 2027 1336 2078 Νεοπτολέμου
1359 2027 1424 2068 λε’-

74 2110 230 2148 γοντας
264 2094 387 2151 (οὐδὲ
414 2089 473 2144 εἷς
499 2096 580 2149 γὰρ
608 2093 701 2149 ἣν),
735 2094 825 2137 ἀλλ’
858 2096 1017 2146 αὐτοὺς
1044 2097 1170 2149 ὑμᾶς·
1204 2099 1240 2139 εἰ
1267 2098 1348 2151 γὰρ
1377 2097 1424 2139 ἐν

73 2165 301 2207 Διονύσου
328 2167 578 2222 τραγῳδοὺς
601 2165 861 2221 ἐθεάσασθε,
887 2167 995 2208 ἀλλὰ
1015 2169 1071 2222 μὴ
1092 2168 1189 2222 περὶ
1211 2170 1423 2222 σωτηρίας

20 2252 55 2277 30
74 2236 145 2277 καὶ
171 2243 333 2277 κοινῶν
359 2237 624 2290 πραγμάτων
655 2235 710 2291 ἦν
743 2237 765 2280 ὁ
798 2239 944 2292 λόγος,
976 2238 1055 2280 οὐκ
1082 2238 1136 2279 ἂν
1163 2238 1299 2289 οὕτως
1326 2237 1416 2281 οὔτ’
