1689 2531
192 49 274 90 132
673 49 1047 83 ΔΗΜΟΣΘΕΝΟΤΣ
1494 51 1536 95 [x

117 159 160 189 58
253 146 305 187 Τί
328 142 422 186 ποτ’
449 141 531 186 οὗν
564 142 596 186 ὦ
631 145 787 199 ἄνδρες
804 142 1030 198 Ἀθηναῖοι
1061 145 1140 187 τὸν
1164 144 1245 198 μὲν
1265 144 1378 187 οὕτω
1406 161 1540 200 φανε-

189 224 273 271 ρῶς
311 216 550 258 ἀδικοῦντα
582 215 653 257 καὶ
684 216 831 265 πόλεις
862 213 1234 269 καταλαμβάνοντ’
1272 216 1417 266 οὐδεὶς
1453 217 1540 258 πώ-

188 302 292 329 ποτε
318 287 488 329 τούτων
515 283 636 328 εἶπεν
661 287 717 336 ὡς
744 286 886 329 ἀδικεῖ
911 287 982 328 καὶ
1007 288 1199 340 πόλεμον
1217 296 1346 342 ποιεῖ,
1370 289 1472 338 τοὺς
1492 287 1541 329 δὲ

189 360 246 413 μὴ
286 357 533 413 ἐπιτρέπειν
564 358 672 412 μηδὲ
709 359 945 413 προΐεσθαι
976 363 1111 399 ταῦτα
1147 359 1541 414 συμβουλεύοντας,

187 429 370 479 τούτους
403 430 595 482 πόλεμον
627 436 771 470 ποιεῖν
803 429 959 483 φασίνς
993 429 1059 470 ὅτι
1091 429 1171 483 τὴν
1202 430 1348 471 αἰτίαν
1378 437 1467 471 τῶν
1494 429 1540 472 ἐκ
1560 451 1575 476 5

188 506 267 542 τοῦ
282 499 474 552 πολέμου
491 500 837 553 συμβησομένων
852 500 1078 554 δυσχερῶν
1094 498 1279 556 (ἀνάγκη
1293 499 1390 555 γάρ,
1409 499 1542 555 ἀνάγ-

189 588 241 626 κη
274 572 413 613 πολλὰ
445 571 616 625 λυπηρὰ
649 569 694 612 ἐκ
720 576 798 613 τοῦ
824 570 1015 623 πολέμου
1042 572 1296 627 γίγνεσθαι)
1316 578 1406 621 τοῖς
1431 571 1540 626 ὑπὲρ

191 644 314 695 ὑμῶν
337 643 390 684 τὰ
410 642 612 695 βέλτιστα
640 641 784 695 λέγειν
804 640 1081 695 αἱρουμένοις
1104 640 1337 683 ἀναθεῖναι
1356 642 1543 696 βούλον-

121 726 164 756 59
192 730 272 755 ται.
299 714 511 767 ἡγοῦνται
525 712 622 767 γάρ,
642 712 696 754 ἂν
709 712 790 765 μὲν
804 713 925 765 ὑμεῖς
941 710 1241 768 ὁμοθυΙμαδὸν
1261 711 1307 754 ἐκ
1320 718 1418 765 μιᾶς
1431 712 1543 767 γνώ-
1565 719 1636 756 147

192 801 272 839 μης
304 786 526 826 Φίλιππον
558 783 809 838 ἀμύνησθε,
840 783 1044 824 κάκείνου
1071 785 1305 837 κρατήσειν
1335 784 1446 836 ὑμᾶς
1470 784 1543 825 καὶ
1564 806 1596 831 10

193 858 340 905 αὐτοῖς
372 855 452 898 οὐκ
480 854 660 897 ἔσεσθαι
687 858 965 909 μισθαρνεῖν,
991 853 1045 895 ἂν
1072 853 1110 895 δ’
1142 853 1225 897 ἀπὸ
1251 862 1341 896 τῶν
1359 855 1544 910 πρώτων

193 928 406 982 θορύβων
432 926 732 978 αἰτιασάμενοί
757 941 878 975 τινας
904 926 1011 981 πρὸς
1037 926 1086 967 τὸ
1112 927 1281 980 κρίνειν
1305 925 1545 981 τράπησθε,

192 998 317 1041 αὐτοὶ
352 998 432 1050 μὲν
470 997 640 1039 τούτων
677 1002 1022 1051 κατηγοροῦντες
1059 996 1267 1052 ἀμφότερ’
1311 996 1437 1052 ἕξειν,
1473 997 1545 1039 καὶ

192 1068 291 1124 παρ’
325 1070 430 1121 ὑμῖν
457 1068 762 1122 εὐδοκιμήσειν
788 1068 859 1109 καὶ
885 1067 984 1122 παρ’
1011 1066 1180 1110 ἐκείνου
1202 1069 1396 1124 χρήματα
1417 1070 1546 1122 λήψε-

194 1145 319 1195 σθαι,
352 1141 460 1193 ὑμᾶς
488 1138 526 1181 δ’
560 1139 667 1194 ὑπὲρ
695 1136 757 1181 ὧν
784 1140 850 1181 δεῖ
881 1140 997 1194 παρὰ
1022 1140 1192 1181 τούτων
1224 1140 1351 1194 δίκην
1384 1141 1547 1194 λαβεῖν,
1567 1157 1598 1182 15

123 1223 167 1255 60
194 1212 309 1264 παρὰ
342 1219 430 1253 τῶν
462 1211 570 1265 ὑπὲρ
604 1210 727 1262 ὑμῶν
760 1212 996 1265 εἰρηκότων
1029 1212 1260 1265 λήψεσθαι.
1298 1211 1341 1252 αἱ
1374 1210 1454 1263 μὲν
1481 1208 1546 1252 ἐλ-

194 1284 315 1332 πίδες
336 1283 378 1324 αἱ
406 1282 574 1323 τούτων
601 1279 727 1323 αὗται
760 1282 831 1323 καὶ
856 1282 904 1323 τὸ
931 1282 1262 1334 κατασκεύασμα
1294 1282 1342 1323 τὸ
1370 1288 1458 1323 τῶν
1484 1283 1547 1323 αἰ-

194 1362 313 1408 τιῶν,
339 1354 394 1403 ὡς
421 1354 505 1408 ἄρα
531 1354 771 1406 βούλονταί
800 1369 914 1402 τινες
940 1354 1131 1405 πόλεμον
1163 1358 1352 1406 ποιῆσαι.
1395 1351 1477 1407 ἐγὼ
1505 1351 1542 1394 δ’

196 1421 276 1467 οἷδ’
310 1424 497 1479 ἀκριβῶς
519 1425 598 1479 ὅτι,
624 1423 675 1465 οὐ
697 1424 945 1478 γράψαντος
957 1421 1203 1478 Ἀθηναίων
1223 1423 1404 1473 οὐδενὸς
1424 1424 1549 1465 πόλε-

196 1513 298 1551 μον,
329 1497 469 1538 πολλὰ
500 1497 714 1544 Φίλιππος
747 1493 832 1550 ἔχει
867 1502 955 1536 τῶν
986 1501 1060 1548 τῆς
1086 1496 1251 1544 πόλεως
1282 1494 1353 1536 καὶ
1378 1500 1464 1536 νῦν
1491 1496 1550 1544 εἰς
1571 1514 1604 1540 20

198 1568 400 1622 Καρδίαν
431 1566 633 1620 πέπομφε
658 1567 885 1620 βοήθειαν.
924 1567 960 1608 εἰ
987 1565 1135 1618 μέντοι
1168 1564 1406 1619 βουλόμεθ’
1432 1566 1552 1620 ἡμεῖς

198 1640 253 1693 μὴ
287 1641 628 1690 προσποιεῖσθαι
660 1640 865 1689 πολεμεῖν
906 1635 1010 1691 ἡμῖν’
1043 1635 1230 1691 ἐκεῖνον,
1265 1635 1553 1690 ἀνοητότατος

198 1710 375 1752 πάντων
403 1709 456 1750 ἂν
483 1709 561 1763 εἴη,
593 1709 630 1750 εἰ
656 1707 771 1750 τοῦτ’
806 1706 1036 1763 ἐξελέγχοι·
1071 1708 1175 1749 ὅταν
1200 1708 1283 1762 γὰρ
1311 1708 1351 1749 οἱ
1378 1706 1554 1749 ἀδικού-

129 1793 171 1823 61
199 1796 322 1834 μενοι
350 1779 581 1835 ἀρνῶνται,
606 1781 650 1821 τί
674 1785 732 1837 τῷ
753 1779 979 1821 ἀδικοῦντι
1005 1780 1231 1833 προσήκει;
1258 1776 1350 1820 ἀλλ’
1377 1776 1554 1820 ἐπειδὰν

202 1851 269 1906 ἐφ’
308 1852 416 1906 ἡμᾶς
449 1852 608 1900 αὐτοὺς
642 1851 703 1908 ἴῃ,
734 1852 778 1892 τί
803 1852 1001 1905 φήσομεν
1027 1850 1142 1899 τότε;
1176 1848 1339 1899 ἐκεῖνος
1365 1850 1445 1902 μὲν
1470 1850 1552 1904 γὰρ
1575 1868 1607 1894 25

203 1923 254 1965 οὐ
293 1926 516 1977 πολεμεῖν,
563 1922 707 1977 ὥσπερ
748 1921 840 1964 οὐδ’
880 1920 1110 1976 Ὠρείταις,
1153 1929 1241 1963 τῶν
1280 1927 1555 1976 στρατιωτῶν

203 1996 345 2037 ὄντων
384 1992 431 2035 ἐν
468 2000 519 2049 τῇ
557 1993 688 2050 χώρᾳ,
726 1993 829 2035 οὐδὲ
867 1994 1068 2047 Φεραίοις
1100 1993 1328 2047 πρότερον,
1365 1992 1472 2046 πρὸς
1504 1992 1556 2033 τὰ

203 2067 320 2121 τείχη
341 2065 644 2120 προσβάλλων,
671 2062 764 2106 οὐδ’
780 2063 1031 2113 Ὀλυνθίοις
1053 2062 1094 2113 ἐξ
1117 2063 1261 2118 ἀρχῆς,
1286 2062 1364 2112 ἕως
1380 2061 1428 2104 ἐν
1447 2062 1556 2119 αὐτῇ

203 2143 255 2192 τῇ
293 2137 411 2194 χώρα
445 2137 493 2178 τὸ
534 2136 778 2191 στράτευμα
815 2141 959 2190 παρῆν
995 2133 1116 2190 ἔχων.
1160 2134 1186 2189 ἢ
1225 2134 1296 2176 καὶ
1326 2135 1424 2176 τότε
1454 2135 1556 2184 τοὺς

205 2207 454 2260 ἀμύνεσθαι
479 2207 736 2257 κελεύοντας
763 2207 954 2259 πόλεμον
980 2212 1124 2248 ποιεῖν
1151 2207 1366 2260 φήσομεν;
1393 2204 1557 2247 οὐκοῦν
1576 2221 1610 2247 30
