1689 2531
88 53 146 99 ιν]
526 52 652 85 ΚΑΤΑ
679 52 938 85 <1>1A111110T
964 52 995 84 A
1374 50 1432 91 49

148 152 252 198 Πῶς
278 145 360 190 οὖν
390 154 526 190 ταῦτα
551 148 779 198 παύσεται;
808 147 912 189 ὅταν
931 146 1053 200 ὑμεῖς
1080 143 1111 188 ὦ
1133 147 1289 201 ἄνδρες
1306 144 1434 200 Ἀθη-
1461 159 1503 190 47

88 226 206 261 ναῖοι
236 221 338 269 τοὺς
365 219 524 269 αὐτοὺς
550 217 803 272 ἀποδείξητε
830 209 1091 273 στρατιώτας
1117 219 1189 260 καὶ
1214 218 1434 272 μάρτυρας

89 297 177 332 τῶν
204 289 593 345 στρατηγουμένων
619 289 690 331 καὶ
717 285 920 340 δικαστὰς
946 287 1084 331 οἴκαδ’
1116 288 1327 338 ἐλθόντας
1347 295 1434 330 τῶν

91 361 316 416 εὐθυνῶν,
351 361 461 403 ὥστε
495 362 552 415 μὴ
579 360 757 402 ἀκούειν
782 361 920 413 μόνον
945 360 1055 413 ὑμᾶς
1081 360 1133 402 τὰ
1159 357 1327 414 ὑμέτερ’
1359 359 1435 401 αὐ-

54 451 69 476 5
90 439 189 487 τῶν,
214 432 323 473 ἀλλὰ
348 433 419 474 καὶ
445 432 662 486 παρόντας
689 431 808 486 ὁρᾶν.
840 437 925 473 νῦν
952 430 990 472 δ’
1022 433 1082 480 εἰς
1107 428 1233 472 τοῦθ’
1265 431 1358 484 ἥκει
1384 430 1436 471 τὰ

90 500 301 558 πράγματ’
324 503 544 558 αἰσχύνης,
569 502 678 544 ὥστε
699 509 786 543 τῶν
808 509 1062 557 στρατηγῶν
1082 501 1258 551 ἕκαστος
1279 501 1345 550 δὶς
1364 501 1436 542 καὶ

90 575 182 629 τρὶς
213 575 406 629 κρίνεται
447 571 545 628 παρ’
583 573 688 626 ὑμῖν
725 573 824 626 περὶ
856 573 1074 627 θανάτου,
1110 573 1217 627 πρὸς
1256 572 1304 613 δὲ
1334 573 1436 621 τοὺς

92 643 279 700 ἐχθροὺς
307 644 451 694 οὐδεὶς
478 642 572 686 οὐδ’
605 643 713 694 ἅπαξ
747 643 892 685 αὐτῶν
913 643 1216 698 ἀγωνίσασθαι
1236 643 1335 697 περὶ
1354 647 1436 684 θα-

77 715 225 758 ·νάτου
245 719 400 771 τολμᾷ,
425 715 533 756 ἀλλὰ
558 716 635 757 τὸν
661 722 748 756 τῶν
768 714 1130 769 ἀνδραποδιστῶν
1149 715 1220 756 καὶ
1241 715 1437 756 λωποδυ-

21 790 71 826 54
92 794 179 828 τῶν
211 787 409 828 θάνατον
434 789 600 839 μᾶλλον
627 787 854 841 αἱροῦνται
883 787 887 841 Ι
915 792 993 827 τοῦ
1020 787 1332 841 προσήκοντος·
1364 801 1438 826 κα-

41 876 72 901 11
92 857 284 912 κούργου
319 857 399 910 μὲν
430 857 512 912 γάρ
547 856 636 899 ἐστι
668 854 861 911 κριθέντ’
899 856 1162 911 ἀποθανεῖν,
1194 862 1437 911 στρατηγοῦ

94 929 142 970 δὲ
167 929 414 983 μαχόμενον
440 935 529 977 τοῖς
554 929 787 980 πολεμίοις.
819 928 941 981 ἡμῶν
968 925 1005 968 δ’
1037 929 1077 969 οἱ
1110 927 1190 979 μὲν
1215 928 1437 981 περιόντες
1465 940 1508 970 48

94 1000 199 1052 μετὰ
223 1000 584 1052 Λακεδαιμονίων
618 999 726 1053 φασὶ
757 1000 977 1040 Φίλιππον
1008 998 1213 1052 πράττειν
1244 999 1324 1053 τὴν
1354 1002 1436 1052 Θη-

95 1071 234 1124 βαίων
264 1069 503 1111 κατάλυσιν
534 1070 605 1111 καὶ
636 1070 710 1119 τὰς
742 1070 960 1119 πολιτείας
993 1071 1201 1124 διασπᾶν,
1233 1070 1273 1111 οῑ
1307 1067 1343 1111 δ’
1382 1070 1438 1119 ὡς

42 1158 74 1184 15
94 1140 295 1195 πρέσβεις
327 1140 555 1195 πέπομφεν
581 1141 637 1190 ὡς
662 1140 859 1195 βασιλέα,
891 1141 931 1182 οἱ
959 1138 1000 1181 δ’
1032 1138 1079 1181 ἐν
1100 1138 1337 1194 Ἰλλυριοῖς
1363 1141 1439 1182 πό-

97 1215 183 1262 λεις
208 1213 417 1266 τειχίζειν,
444 1212 484 1253 02
506 1212 554 1253 δὲ
580 1237 635 1241 -
657 1213 813 1265 λόγους
833 1211 1092 1260 πλάττοντες
1119 1210 1294 1260 ἕκαστος
1321 1226 1439 1265 περιῃ

97 1283 324 1337 ερχόμεθα.
381 1281 463 1336 ἐγὼ
509 1280 546 1323 δ’
584 1278 702 1335 οἶμαι
746 1283 825 1335 μὲν
863 1279 895 1323 ὦ
934 1283 1090 1335 ἄνδρες
1124 1280 1348 1336 Ἀθηναῖοι
1385 1283 1439 1336 νὴ
1467 1296 1509 1326 49

96 1355 197 1403 τοὺς
223 1355 357 1403 θεοὺς
390 1352 558 1395 ἐκεῖνον
593 1354 778 1405 μεθύειν
803 1358 861 1409 τῷ
882 1353 1059 1407 μεγέθει
1085 1360 1172 1394 τῶν
1198 1352 1440 1408 πεπραγμέ-

96 1441 188 1466 νων
219 1424 290 1466 καὶ
322 1425 461 1466 πολλὰ
491 1422 653 1465 τοιαῦτ’
692 1424 991 1478 ὀνειροπολεῖν
1024 1422 1071 1465 ἐν
1096 1430 1147 1479 τῇ
1173 1424 1337 1481 γνώμῃ,
1361 1426 1440 1478 τήν

44 1513 77 1538 20
97 1493 131 1536 τ’
164 1494 345 1550 ἐρημίαν
369 1502 457 1537 τῶν
482 1496 772 1537 κωλυσόντων
798 1495 967 1549 ὁρῶντα
993 1495 1063 1536 καὶ
1089 1503 1178 1544 τοῖς
1199 1495 1441 1550 πεπραγμέ-

97 1582 190 1616 νοις
217 1565 472 1621 ἐπηρμένον,
498 1566 549 1608 οὐ
577 1567 724 1618 μέντοι
750 1582 799 1620 γε
819 1567 876 1618 μὰ
896 1564 970 1607 Δί’
997 1566 1109 1608 οὕτω
1131 1572 1440 1620 προαιρεῖσθαι

98 1636 315 1691 πράττειν,
338 1637 446 1679 ὥστε
466 1639 567 1687 τοὺς
588 1636 904 1691 ἀνοητοτάτους
925 1644 1012 1678 τῶν
1032 1635 1130 1691 παρ’
1155 1638 1259 1691 ἡμῖν
1280 1637 1442 1678 εἰδέναι

98 1709 142 1749 τί
165 1707 309 1760 μέλλει
335 1715 477 1749 ποιεῖν
504 1706 684 1757 ἐκεῖνος·
711 1708 991 1762 ἀνοητότατοι
1018 1708 1100 1762 γάρ
1122 1709 1233 1749 εἰσιν
1257 1709 1297 1750 οὶ
1320 1711 1442 1762 λογο-

100 1785 339 1828 ποιοῦντες.
381 1776 472 1820 ἀλλ’
514 1778 568 1820 {iv
603 1778 785 1832 ἀφέντες
820 1776 938 1820 ταῦτ’
980 1777 1104 1820 ἐκεῖν’
1147 1779 1342 1833 εἰδῶμεν,
1377 1779 1442 1820 ὅτι
1470 1791 1513 1822 50

47 1866 80 1892 25
101 1847 259 1904 ἐχθρὸς
296 1850 529 1903 ἅνθρωπος
564 1850 635 1890 καὶ
670 1850 721 1890 τὰ
756 1847 921 1903 ἡμέτερ’
962 1850 1070 1903 ἡμᾶς
1111 1849 1339 1903 ἀποστερεῖ
1373 1850 1444 1891 καὶ

102 1922 264 1974 χρόνον
289 1922 430 1961 πολὺν
456 1920 649 1975 ὕβρικεν,
674 1921 745 1961 καὶ
773 1917 933 1961 ἅπανθ’
967 1921 1047 1962 ὅσα
1073 1918 1232 1961 πώποτ’
1264 1921 1444 1974 ἠλπίσα-

102 1990 182 2043 μέν
206 2006 305 2032 τινα
331 1990 511 2044 πράξειν
536 1991 644 2044 ὑπὲρ
666 1991 787 2044 ἡμῶν
808 1988 906 2032 καθ’
938 1991 1061 2044 ἡμῶν
1080 1991 1277 2045 ηὕρηται,
1304 1991 1374 2032 καὶ
1394 1992 1445 2032 τὰ

105 2062 232 2104 λοιπὰ
265 2060 312 2103 ἐν
338 2061 485 2111 αὐτοῖς
511 2062 614 2115 ἡμῖν
647 2060 777 2116 ἐστίν,
808 2061 889 2102 κᾶν
920 2063 976 2116 μὴ
1002 2068 1087 2103 νῦν
1113 2060 1334 2113 ἐθέλωμεν
1360 2060 1446 2103 ἐκεῖ

104 2135 308 2184 πολεμεῖν
346 2132 475 2190 αὐτῷ,
510 2131 659 2174 ἐνθάδ’
704 2133 805 2181 ἴσως
849 2131 1279 2186 ἀναγκασθησόμεθα
1316 2139 1444 2174 τοῦτο

52 2219 85 2244 30
106 2210 266 2258 ποιεῖν,
299 2203 352 2244 ἂν
378 2201 496 2245 ταῦτ’
529 2205 731 2257 εἰδῶμεν,
762 2204 832 2244 καὶ
859 2204 910 2244 τὰ
937 2201 1074 2245 δέοντ’
1108 2201 1281 2255 ἐσόμεθ’
1315 2202 1446 2257 ἐγνω-

177 2279 346 2311 Βεειοετεῐ.,
360 2280 427 2304 Vol.
437 2280 449 2303 Ι
1236 2276 1256 2305 4
