1689 2531
114 79 157 125 vj
549 81 665 113 ΠΕΡΙ
689 81 786 113 ΤΗΣ
810 71 1026 113 ΕΙΡΗΝΗΣ
1209 60 1211 62 ’
1400 80 1456 122 57

113 163 280 228 μάλιστ’
312 173 640 229 ἐσπουδακότες,
667 166 802 216 ταύτὰ
827 175 984 225 πάντες
1011 173 1217 230 ἔπραξαν·
1249 170 1345 218 οἷον
1376 180 1459 232 Θη-

113 249 231 300 βαῖοι
255 246 334 288 τὸν
359 245 439 298 μὲν
469 246 691 287 Φίλιππον
716 249 957 301 παρελθεῖν
982 246 1052 287 καὶ
1075 248 1226 300 λαβεῖν
1250 247 1325 297 τὰς
1351 262 1458 302 παρ-

113 317 243 366 όδους
261 316 342 358 οὐκ
363 315 575 358 ἐδύναντο
595 320 801 371 κωλῦσαι,
821 316 928 358 οὐδέ
938 332 987 371 γε
1007 323 1095 358 τῶν
1109 316 1256 367 αὑτοῖς
1271 332 1459 372 πεπονη-

111 387 256 441 μένων
277 387 467 429 ὕστατον
493 385 682 429 ἐλθόντα
708 388 788 441 τὴν
816 386 949 437 δόξαν
975 385 1106 442 ἔχειν·
1138 388 1241 429 νυνὶ
1268 389 1349 443 γὰρ
1375 392 1458 443 Θη-

76 474 91 501 5
112 459 252 513 βαίοις
277 458 384 513 πρὸς
404 458 484 510 μὲν
509 459 558 499 τὸ
583 458 664 512 τὴν
683 458 830 513 χώραν
856 460 1114 511 κεκομίσθαι
1140 458 1382 513 πέπρακταί
1404 475 1458 514 τι,

109 529 217 583 πρὸς
249 529 297 571 δὲ
328 529 458 583 τιμὴν
488 529 560 570 καὶ
586 527 720 579 δόξαν
746 529 963 583 αἴσχιστα·
1002 530 1038 571 εἰ
1065 530 1147 584 γὰρ
1174 531 1231 584 μὴ
1257 534 1457 584 παρῆλθε

115 601 341 654 Φίλιππος,
360 599 493 641 οὐδὲν
513 599 567 641 ἂν
587 599 734 649 αὐτοῖς
754 599 907 654 κέρδος
927 597 992 654 ἦν.
1013 606 1147 642 ταῦτα
1168 598 1206 642 δ’
1226 600 1307 642 οὐκ
1326 601 1458 655 ἠβού-

110 674 252 725 λοντο,
271 670 380 712 ἀλλὰ
399 675 458 726 τῷ
472 668 823 725 τὸνὈρχομενὸν
842 671 913 712 καὶ
934 671 1014 725 τὴν
1027 671 1285 725 Κορώνειαν
1306 674 1458 725 λαβεῖν

111 739 356 795 ἐπιθυμεῖν,
376 741 432 795 μὴ
454 741 676 782 δύνασθαι
698 740 758 795 δέ,
783 741 924 782 πάντα
944 739 1072 783 ταῦθ’
1098 742 1348 795 ὑπέμειναν.
1380 744 1455 784 Φί-

56 829 89 855 10
109 815 270 854 λιππον
294 813 448 854 τοίνυν
474 812 587 861 τινὲς
613 812 692 864 μὲν
719 812 859 865 δήπου
886 815 1076 865 τολμῶσι
1103 813 1246 867 λέγειν
1272 814 1328 862 ὡς
1355 811 1451 855 οὐδ’

109 881 313 937 ἐβούλετο
344 884 549 937 Θηβαίοις
570 881 835 938 Ὀρχομενὸν
862 883 931 924 καὶ
954 883 1212 938 Κορώνειαν
1236 885 1458 938 παραδοῦ-

107 969 193 1008 ναι,
218 951 310 995 ἀλλ’
342 953 621 1007 ἠναγκάσθη·
655 952 736 1008 ἐγὼ
765 954 812 995 δὲ
839 954 1009 1003 τούτοις
1034 954 1115 1006 μὲν
1142 953 1363 1009 ἐρρῶσθαι
1391 955 1449 997 λε’-

108 1041 183 1079 γω,
209 1022 348 1066 ἐκεῖνο
375 1021 412 1066 δ’
439 1019 539 1079 οἶδ’,
572 1025 637 1066 ὅτι
664 1024 715 1066 οὐ
742 1025 909 1076 μᾶλλόν
936 1040 983 1079 γε
1009 1023 1127 1067 ταῦτ’
1154 1023 1305 1078 ἔμελεν
1331 1026 1459 1084 αὐτῷ,

107 1095 132 1149 ἢ
159 1096 233 1145 τὰς
258 1096 478 1149 παρόδους
506 1097 656 1149 λαβεῖν
683 1094 886 1149 ἐβούλετο
913 1096 984 1137 καὶ
1010 1097 1090 1150 τὴν
1116 1096 1250 1146 δόξαν
1274 1103 1353 1139 τοῦ
1379 1112 1456 1139 πο-

56 1183 88 1209 15
109 1166 240 1219 λέμου
275 1172 354 1208 τοῦ
387 1167 534 1208 δοκεῖν
570 1164 626 1208 δι’
667 1166 803 1208 αὑτὸν
838 1168 983 1221 κρίσιν
1019 1167 1263 1222 εἰληφέναι,
1298 1169 1368 1209 καὶ
1404 1170 1456 1210 τὰ

107 1237 264 1279 Πύθια
289 1241 436 1279 θεῖναι
463 1235 518 1279 δι’
551 1237 700 1292 αὑτοῦ,
726 1238 796 1278 καὶ
822 1235 939 1279 ταῦτ’
972 1235 1026 1291 ἧν
1053 1235 1115 1280 ὧν
1141 1237 1310 1290 μάλιστ’
1343 1237 1456 1293 ἐγλί-

106 1323 216 1363 χετο.
252 1309 459 1350 Θετταλοὶ
492 1308 542 1350 δέ
570 1308 618 1362 γ’
650 1306 840 1362 οὐδέτερ’
873 1309 1117 1363 ἠβούλοντο
1143 1310 1324 1364 τούτων,
1356 1311 1456 1352 οὔτε

111 1381 327 1434 Θηβαίους
360 1380 459 1421 οὔτε
492 1380 569 1420 τὸν
606 1381 826 1421 Φίλιππον
864 1379 1000 1433 μέγαν
1033 1381 1267 1433 γίγνεσθαι
1301 1380 1455 1436 (ταῦτα

105 1450 187 1504 γὰρ
214 1447 338 1492 πάντ’
371 1448 437 1504 ἐφ’
471 1449 651 1499 ἑαυτοὺς
678 1450 901 1506 ἡγοῦντο),
926 1457 1000 1503 τῆς
1020 1452 1205 1500 πυλαίας
1233 1449 1270 1492 δ’
1297 1450 1456 1493 ἐπεθύ-

35 1524 85 1560 63
104 1536 217 1573 μουν
231 1522 300 1563 καὶ
315 1528 403 1562 τῶν
418 1520 465 1562 ἐν
479 1525 685 1575 Δελφοῖς,
706 1521 1090 1574 πλεονεκτημάτων
1118 1521 1122 1576 Ι
1152 1523 1291 1575 δυοῖν,
1311 1523 1456 1576 κύριοι

52 1609 84 1634 21
104 1591 331 1646 γενέσθαι·
357 1597 415 1648 τῷ
437 1592 484 1633 δὲ
510 1593 679 1634 τούτων
706 1593 935 1646 γλίχεσθαι
961 1592 1063 1634 τάδε
1085 1592 1454 1646 συγκατέπραξαν.

105 1669 193 1703 τῶν
218 1664 371 1704 τοίνυν
399 1664 524 1704 ἰδίων
550 1660 659 1717 ἕνεχ’
686 1661 889 1716 εὑρήσεθ’
921 1662 1104 1705 ἕκαστον
1130 1664 1269 1705 πολλὰ
1290 1678 1451 1719 προηγ-

104 1732 238 1785 μένον
270 1730 332 1775 ὧν
364 1733 496 1776 οὐδὲν
527 1734 738 1788 ἠβούλετο
771 1733 940 1786 πρᾶξαι.
983 1740 1113 1775 τοῦτο
1139 1734 1307 1789 μέντοι,
1332 1733 1447 1776 τοῦτ’

105 1801 224 1845 ἔστιν
251 1804 497 1858 φυλακτέον
523 1805 636 1858 ἡμῖν.

52 1892 85 1917 25
163 1875 255 1929 „Tec
280 1873 524 1927 κελευόμεν’
564 1876 671 1928 ἡμᾶς
698 1876 781 1929 ἄρα
808 1876 874 1917 δεῖ
905 1883 1048 1917 ποιεῖν
1073 1882 1208 1917 ταῦτα
1235 1875 1453 1930 φοβουμέ-

68 1960 73 1963 ’
103 1961 227 1996 νους;
253 1946 324 1986 καὶ
351 1947 405 1987 σὺ
432 1952 566 1987 ταῦτα
592 1946 825 1996 κελεύεις;“
850 1950 1015 1987 πολλοῦ
1042 1962 1089 2000 γε
1117 1947 1185 1988 καὶ
1214 1946 1309 1988 δέω.
1354 1945 1447 1988 ἀλλ’

105 2016 161 2065 ὡς
193 2017 292 2058 οὔτε
324 2016 542 2070 πράξομεν
563 2017 694 2058 οὐδὲν
715 2015 894 2066 ἀνάξιον
914 2018 1035 2071 ἡμῶν
1055 2017 1201 2058 αὐτῶν
1221 2015 1452 2059 οὔτ’ἔσται

104 2088 301 2142 πόλεμος,
325 2093 436 2129 νοῦν
463 2088 510 2128 δὲ
537 2087 720 2140 δόξομεν
746 2093 879 2130 πᾶσιν
905 2086 1019 2143 ἔχειν
1045 2088 1115 2129 καὶ
1142 2089 1193 2129 τὰ
1214 2089 1359 2129 δίκαια
1386 2088 1453 2130 λέ-

104 2173 212 2212 γειν,
236 2157 350 2199 τοῦτ’
384 2154 501 2210 οἶμαι
528 2159 622 2200 δεῖν
642 2165 796 2200 ποιεῖν.
828 2160 934 2213 πρὸς
956 2160 1003 2201 δὲ
1023 2161 1124 2209 τοὺς
1145 2158 1344 2213 θρασέως
1365 2159 1452 2201 ὁτι-

53 2245 87 2270 30
107 2233 188 2269 οῦν
215 2227 440 2280 οἰομένους
467 2229 698 2281 ὑπομεῖναι
726 2230 820 2270 δεῖν
845 2230 915 2270 καὶ
941 2230 997 2284 μὴ
1019 2229 1353 2284 προορωμένους
1374 2230 1453 2271 τὸν

1486 401 1527 432 21

1483 755 1528 786 22

1484 1321 1528 1351 23

1479 1887 1522 1917 24
