1689 2531
151 74 180 119 Ι]
569 122 574 127 .
635 73 959 107 ΟΑΊΝΘῘΑΚΟΣ
983 73 1014 105 A
1468 71 1494 112 9

153 171 298 226 ῥητῶν
321 170 393 212 καὶ
419 168 691 224 ἀπορρήτων,
716 169 788 211 καὶ
815 168 899 222 ἅμα
926 168 1170 223 στρατηγὸν
1189 168 1260 210 καὶ
1284 168 1496 221 δεσπότην

153 241 225 284 καὶ
256 243 428 296 ταμίαν,
459 240 531 282 καὶ
563 246 785 295 πανταχοῦ
817 240 952 282 αὐτὸν
977 246 1180 294 παρεῖναι
1205 244 1264 296 τῷ
1291 239 1495 292 στρατεύ-

153 328 267 366 ματι,
292 313 400 367 πρὸς
427 309 507 367 μὲν
531 314 580 354 τὸ
606 313 659 354 τὰ
683 317 762 354 τοῦ
782 311 976 366 πολέμου
995 313 1103 365 ταχὺ
1123 309 1195 352 καὶ
1214 311 1322 352 κατὰ
1341 311 1497 364 καιρὸν

153 384 424 439 πράττεσθαι
452 386 598 440 πολλῷ
624 382 813 438 προέχει,
838 383 945 437 πρὸς
972 380 1020 423 δὲ
1042 383 1117 431 τὰς
1137 382 1420 435 καταλλαγάς,
1447 381 1496 430 ἃς

117 470 133 497 5
153 455 209 497 ἂν
229 454 395 504 ἐκεῖνος
413 451 640 508 ποιήσαιθ’
661 454 845 506 ἅσμενος
864 454 974 507 πρὸς
993 452 1269 505 Ὀλυνθίους,
1289 451 1496 501 ἐναντίως

152 523 251 580 ἔχει.
303 527 438 580 δῆλον
470 526 551 579 γάρ
585 524 675 566 ἐστι
701 533 792 574 τοῖς
814 524 1074 578 Ὀλυνθίοις,
1106 524 1171 565 ὅτι
1204 530 1289 565 νῦν
1318 524 1370 565 οὐ
1397 523 1495 577 περὶ
1517 523 1537 553 5

155 598 280 651 δόξης
306 595 399 638 οὐδ’
425 596 536 650 ὑπὲρ
557 595 715 650 μέρους
736 596 876 650 χώρας
895 598 1176 648 πολεμοῦσιν,
1196 593 1290 636 ἀλλ’
1312 594 1497 636 ἀναστά-

155 679 262 717 σεως
287 667 358 709 καὶ
385 666 746 720 ἀνδραποδισμοῦ
779 673 855 720 τῆς
880 667 1108 720 πατρίδος,
1134 666 1204 707 καὶ
1231 665 1379 707 ἴσασιν
1405 666 1431 706 ἄ
1457 662 1490 706 τ’

144 736 466 793 Ἀμφιπολιτῶν
491 736 666 791 ἐποίησε
692 739 796 786 τοὺς
817 738 1093 790 παραδόντας
1119 736 1236 793 αὐτῷ
1262 737 1343 790 τὴν
1367 738 1498 778 πόλιν

103 824 136 850 ιο
155 807 226 850 καὶ
252 809 496 850 Πυδναίων
527 810 630 858 τοὺς
662 807 1031 862 ὑποδεξαμένους·
1063 806 1134 849 καὶ
1167 807 1279 856 ὅλως
1311 808 1498 849 ἄπιστον

155 875 274 933 οἶμαι
299 887 393 929 ταῖς
417 881 656 928 πολιτείαις
682 879 707 933 ἡ
735 880 956 933 τυραννίς,
988 880 1130 927 ἄλλως
1155 894 1198 920 τε
1224 877 1307 919 κᾶν
1335 878 1498 931 ὅμορον

155 953 302 1006 χώραν
321 949 461 1006 ἔχωσι.
500 948 618 992 ταῦτ’
639 948 721 993 οὖν
742 950 983 1004 ἐγνωκότας
1002 949 1115 1004 ὑμᾶς
1135 947 1167 991 ὦ
1189 951 1345 1003 ἄνδρες
1367 947 1497 1002 Ἀθη·
1519 960 1539 991 6

154 1029 272 1064 ναῖοι
303 1021 375 1063 καὶ
401 1019 519 1063 τᾶλλ’
547 1021 572 1063 ἃ
599 1023 808 1076 προσήκει
839 1019 965 1062 πάντ’
997 1020 1360 1074 ἐνθυμουμένους
1387 1019 1498 1074 φημὶ

156 1094 252 1135 δεῖν
284 1093 491 1147 ἐθελῆσαι
518 1091 589 1134 καὶ
615 1091 951 1147 παροξυνθῆναι
983 1090 1053 1133 καὶ
1080 1096 1139 1148 τῷ
1165 1091 1338 1148 πολέμῳ
1365 1103 1498 1145 προσ-

102 1178 134 1203 15
157 1164 271 1219 έχειν
285 1168 404 1217 εἴπερ
423 1161 526 1205 ποτὲ
546 1162 618 1205 καὶ
640 1169 736 1215 νῦν,
757 1159 934 1217 χρήματ’
955 1161 1238 1216 εἰσφέροντας
1258 1163 1500 1215 προθύμως

154 1235 227 1277 καὶ
258 1235 420 1284 αὐτοὺς
451 1233 644 1284 ἐξιόντας
674 1232 745 1275 καὶ
777 1232 916 1287 μηδὲν
944 1232 1234 1282 ἐλλείποντας.
1286 1230 1389 1274 οὐδὲ
1416 1233 1498 1285 γὰρ

156 1307 283 1359 λόγος
318 1304 423 1346 οὐδὲ
454 1311 611 1358 σκῆψις
643 1303 709 1346 ἔθ’
747 1304 853 1356 ὑμῖν
884 1310 962 1346 τοῦ
995 1305 1052 1357 μὴ
1083 1305 1135 1345 τὰ
1168 1303 1324 1345 δέοντα
1356 1310 1499 1344 ποιεῖν

156 1375 329 1418 ἐθέλειν
353 1375 644 1417 ὑπολείπεται.
675 1376 778 1417 νυνὶ
806 1376 886 1428 γὰρ
909 1374 931 1416 ὃ
951 1376 1109 1424 πάντες
1136 1374 1362 1427 ἐθρυλεῖτε
1381 1374 1499 1426 τέως,
1520 1385 1538 1415 7

87 1450 133 1484 11
150 1446 411 1495 Ὀλυνθίους
445 1445 738 1500 ἐκπολεμῶσαι
770 1446 865 1487 δεῖν
887 1444 891 1500 Ι
913 1448 1129 1502 Φιλίππῳ,
1161 1445 1343 1499 γέγονεν
1371 1445 1497 1486 αὐτό-

103 1533 137 1558 20
155 1534 306 1573 ματον,
332 1517 403 1559 καὶ
428 1516 558 1559 ταῦθ’
585 1517 642 1566 ὡς
668 1516 723 1558 ἂν
748 1516 853 1569 ὑμῖν
878 1517 1063 1571 μάλιστα
1083 1516 1314 1569 συμφέροι.
1356 1517 1393 1558 εἰ
1418 1516 1499 1568 μὲν

156 1589 239 1643 γὰρ
265 1587 343 1642 ὑφ’
368 1588 491 1640 ὑμῶν
515 1587 772 1636 πεισθέντες
798 1586 1027 1629 ἀνείλοντο
1052 1588 1130 1629 τὸν
1156 1589 1361 1641 πόλεμον,
1388 1597 1498 1639 σφα-

158 1660 273 1714 λεροὶ
302 1660 518 1714 σύμμαχοι
543 1659 614 1700 καὶ
639 1658 764 1713 μέχρι
790 1674 868 1700 του
894 1657 1015 1700 ταῦτ’
1046 1658 1101 1699 ἂν
1127 1657 1363 1711 ἐγνωκότες
1387 1654 1500 1710 ἦσαν

158 1730 275 1779 ἴσως·
303 1729 450 1784 ἐπειδὴ
478 1728 515 1770 δ’
542 1729 589 1771 ἐκ
615 1737 703 1771 τῶν
728 1730 836 1783 πρὸς
863 1729 1023 1778 αὑτοὺς
1044 1728 1323 1782 ἐγκλημάτων
1348 1735 1498 1782 μισοῦ-

158 1811 244 1854 σιν,
269 1802 454 1854 βεβαίαν
480 1801 593 1849 εἰκὸς
618 1802 699 1853 τὴν
724 1798 893 1854 ἔχθραν
913 1800 1073 1849 αὐτοὺς
1091 1797 1202 1853 ὑπὲρ
1224 1795 1286 1840 ὧν
1307 1802 1499 1853 φοβοῦν-

106 1887 139 1913 25
159 1887 229 1913 ται
255 1870 326 1912 καὶ
350 1872 629 1912 πεπόνθασιν
654 1869 780 1925 ἔχειν.
814 1870 866 1911 οὐ
893 1872 963 1912 δεῖ
980 1871 1033 1924 δὴ
1053 1876 1258 1912 τοιοῦτον
1283 1868 1316 1911 ὦ
1343 1871 1500 1922 ἄνδρες
1520 1881 1540 1911 8

159 1940 383 1996 Ἀθηναῖοι
408 1943 780 1995 παραπεπτωκότα
805 1942 960 1994 καιρὸν
985 1940 1175 1993 ἀφεῖναι,
1207 1939 1311 1982 οὐδὲ
1336 1944 1502 1982 παθεῖν

159 2011 290 2054 ταῦθ’
322 2013 428 2066 ὅπερ
454 2013 538 2066 ἤδη
569 2013 778 2061 πολλάκις
808 2013 1024 2066 πρότερον
1049 2014 1309 2053 πεπόνθατε.
1354 2012 1392 2053 εἰ
1417 2012 1498 2066 γὰρ

161 2082 231 2126 ὅθ’
252 2084 413 2136 ἥκομεν
433 2083 682 2136 Εὐβοεῦσιν
701 2085 1020 2137 βεβοηθηκότες
1039 2082 1109 2124 καὶ
1130 2089 1332 2137 παρῇσαν
1349 2081 1502 2136 Ἀμφι-

160 2157 354 2196 πολιτῶν
380 2152 515 2208 Ἱέραξ
543 2153 614 2195 καὶ
640 2157 921 2207 Στρατοκλῆς
952 2152 1021 2195 ἐπὶ
1049 2154 1173 2195 τουτὶ
1197 2154 1246 2195 τὸ
1273 2155 1403 2207 βῆμα,
1434 2169 1501 2195 κε-

108 2239 143 2265 so
162 2225 363 2274 λεύοντες
387 2225 498 2279 ἡμᾶς
522 2227 649 2266 πλεῖν
673 2224 743 2266 καὶ
770 2224 1129 2279 παραλαμβάνειν
1148 2225 1228 2278 τὴν
1252 2225 1397 2278 πόλιν,
1424 2226 1502 2279 τὴν
