1689 2531
207 72 290 112 154
671 72 1073 118 [ΔΗΜΟΣΘΕΝΟΤΣ]
1456 73 1548 117 [xm

203 167 422 222 ε’φθαρται
449 168 550 222 γάρ·
587 167 700 209 οὕτω
720 167 860 209 πολλὰ
880 167 950 209 καὶ
969 168 1110 222 ψευδῆ
1131 168 1202 209 καὶ
1221 168 1362 210 πάντα
1381 171 1548 222 μᾶλλον

133 238 226 292 14ἢ
265 239 317 279 τὰ
352 235 536 292 βέλτιστ’
576 237 753 279 ἀκούειν
791 239 1067 280 συνείθισθε.
1117 232 1213 280 οἷον
1246 239 1380 294 (ὅπως
1412 239 1459 280 δὲ
1490 240 1546 294 μὴ

202 312 446 364 θορυβήσει
481 325 555 362 μοι
590 310 757 363 μηδείς,
788 309 894 363 πρὶν
926 308 980 350 ἂν
1013 307 1164 350 ἅπαντ’
1203 309 1327 366 εἴπω)
1354 309 1548 366 ἀνέῳξαν

203 381 344 434 δήπου
376 378 525 438 πρῴην
556 381 671 430 τινὲς
702 381 780 422 τὸν
813 380 1127 432 ὀπισθόδομον.
1172 379 1337 422 οὐκοῦν
1369 381 1408 422 οἱ
1441 395 1548 435 παρ-

203 452 342 501 ιόντες
381 452 566 501 ἅπαντες
606 452 683 492 τὸν
719 452 858 504 δῆμον
887 451 1223 506 καταλελύσθαι,
1259 453 1361 502 τοὺς
1386 453 1583 504 νόμους5

203 519 341 564 οὐκέτ’
380 519 505 576 εἶναι,
536 520 697 564 τοιαῦτ’
725 520 887 576 ἔλεγον.
926 524 1066 563 καίτοι
1093 520 1124 563 ὦ
1152 523 1308 577 ἄνδρες
1325 521 1549 577 Ἀθηναῖοι

203 592 293 649 (καὶ
327 591 514 635 σκοπεῖτ’
555 592 609 634 ἂν
641 592 785 647 ἀληθῆ
820 592 948 649 λέγω)
983 594 1022 635 οἱ
1054 594 1134 646 μὲν
1160 600 1295 636 ταῦτα
1320 600 1548 643 ποιοῦντες

202 662 282 714 ἄξι’
322 663 503 706 ἐποίουν
529 664 742 718 θανάτου,
768 664 790 705 ὁ
820 665 952 718 δῆμος
980 662 1016 705 δ’
1050 664 1102 706 οὐ
1130 666 1200 706 διὰ
1228 665 1396 707 τούτων
1422 680 1548 706 κατα-

203 736 361 777 λύεται,
414 735 547 776 πάλιν
582 735 727 784 κώπας
765 751 828 784 τις
864 735 1086 789 ὑφείλετο·
1135 742 1390 790 μαστιγοῦν,
1428 747 1549 788 στρε-

201 808 342 860 βλοῦν
367 806 525 855 πάντες
552 807 592 848 οἱ
621 805 832 860 λέγοντες,
856 807 934 847 τὸν
961 807 1100 860 δῆμον
1120 807 1427 849 καταλύεσθαι.
1465 805 1548 861 ἐγὼ
1569 824 1603 849 10
1684 818 1689 841 1

202 877 250 918 δὲ
275 878 319 918 τί
344 878 472 931 φημί;
498 878 577 918 τὸν
602 877 682 929 μὲν
707 877 1038 931 ὑφαιρούμενον
1058 878 1256 920 θανάτου
1277 887 1420 920 ποιεῖν
1440 877 1549 932 ἄξια,

200 948 345 1001 ὥσπερ
368 946 539 1002 ἐκεῖνοι,
563 949 642 990 τὸν
663 949 802 1002 δῆμον
823 946 860 989 δ’
887 947 939 989 οὐ
962 949 1033 989 διὰ
1053 949 1222 990 τούτων
1241 949 1548 991 καταλύεσθαι.

132 1033 173 1062 15
201 1018 310 1059 ἀλλά
342 1026 430 1068 πῶς
463 1019 732 1073 καταλύεται,
759 1018 904 1068 οὐδεὶς
933 1019 1046 1073 λέγει
1073 1019 1177 1061 οὐδὲ
1203 1020 1548 1075 παρρησιάζεται.

202 1088 284 1143 ἐγὼ
312 1090 359 1130 δὲ
389 1090 561 1144 φράσω·
607 1090 712 1131 ὅταν
737 1089 859 1142 ὑμεῖς
887 1087 918 1131 ὦ
946 1091 1102 1143 ἄνδρες
1119 1088 1344 1144 Ἀθηναῖοι
1371 1091 1548 1146 φαύλως

200 1160 400 1215 ἠγμένοι,
431 1161 587 1202 πολλοὶ
618 1161 689 1202 καὶ
723 1161 879 1215 ἄποροι
912 1161 982 1202 καὶ
1009 1162 1163 1203 ἄοπλοι
1190 1162 1261 1203 καὶ
1288 1161 1549 1203 ἀσύντακτοι
1570 1178 1602 1204 15

201 1232 271 1273 καὶ
297 1233 353 1285 μὴ
375 1231 509 1272 ταύτὰ
529 1232 846 1285 γιγνώσκοντες
867 1229 952 1286 ἦτε,
978 1233 1048 1273 καὶ
1068 1235 1172 1286 μήτε
1193 1233 1429 1287 στρατηγὸς
1449 1230 1542 1287 μήτ’

201 1303 330 1351 ἄλλος
349 1303 499 1356 μηδεὶς
520 1300 582 1344 ὧν
603 1302 657 1344 ἂν
677 1303 797 1355 ὑμεῖς
817 1304 1075 1357 ψηφίσησθε
1091 1305 1311 1361 φροντίζῃ,
1330 1304 1401 1345 καὶ
1415 1309 1550 1345 ταῦτα

201 1374 349 1427 μηδεὶς
384 1373 527 1427 λέγειν
561 1372 691 1431 ἐθέλῃ
718 1371 823 1427 μηδ’
866 1373 1119 1428 ἐπανορθοῖ,
1153 1372 1250 1428 μηδ’
1293 1375 1406 1424 ὅπως
1441 1375 1550 1416 παύ-

135 1458 175 1488 16
203 1455 322 1485 σεται
348 1442 509 1485 τοιαῦτ’
543 1446 648 1486 ὄντα
674 1445 852 1502 πράττῃ,
879 1445 900 1486 ὃ
927 1451 1011 1486 νῦν
1038 1445 1103 1486 ἀεὶ
1125 1447 1366 1499 συμβαίνει.
1404 1446 1475 1486 καὶ
1495 1446 1548 1500 νὴ

203 1513 274 1556 Δί’
314 1512 345 1556 ὦ
379 1516 535 1569 ἄνδρες
563 1513 788 1569 Ἀθηναῖοι
821 1515 962 1568 ἕτεροί
991 1532 1039 1570 γε
1071 1518 1192 1570 λόγοι
1225 1518 1550 1570 παρερρυήκασι
1569 1532 1603 1558 20

202 1588 310 1641 πρὸς
337 1587 447 1639 ὑμᾶς
473 1588 649 1637 ψευδεῖς
676 1588 746 1628 καὶ
773 1588 912 1629 πολλὰ
932 1589 1011 1642 τὴν
1031 1588 1254 1629 πολιτείαν
1273 1587 1550 1642 βλάπτοντες,
1664 1586 1689 1620 ’Π

204 1652 299 1699 οἷον
331 1657 403 1712 ,,ε”ν
436 1665 525 1707 τοῖς
559 1659 852 1713 δικαστηρίοις
884 1656 988 1711 ὑμῖν
1020 1657 1139 1700 ἐστιν
1170 1659 1195 1712 ἡ
1224 1659 1449 1713 σωτηρίαίί,
1479 1659 1550 1700 καὶ

63 1719 298 1784 Lfflg‘rfflfflei
330 1736 380 1784 τῇ
412 1731 545 1785 ψήφῳ
578 1730 658 1783 την
690 1731 913 1771 πολιτείαν
944 1727 1053 1781 ὑμᾶς
1080 1730 1352 1783 φυλάττεινίί.
1397 1728 1480 1783 ἐγὼ
1507 1727 1543 1770 δ’

204 1796 285 1841 οἶδ’
324 1800 390 1841 ὅτι
422 1806 557 1841 ταῦτα
583 1800 662 1852 μὲν
687 1798 792 1852 ὑμῖν
817 1801 869 1841 τὰ
897 1801 1150 1854 δικαστήρια
1176 1808 1264 1841 τῶν
1289 1801 1396 1855 πρὸς
1423 1800 1551 1854 ἀλλή-

205 1873 307 1920 λους
325 1869 328 1927 1
347 1871 528 1912 δικαίων
555 1869 674 1912 ἐστὶν
700 1871 842 1925 κύρια,
868 1869 915 1912 ἐν
942 1871 989 1912 δὲ
1009 1878 1098 1920 τοῖς
1120 1872 1268 1920 ὅπλοις
1290 1871 1356 1912 δεῖ
1375 1879 1549 1925 κρατεῖν
1571 1875 1642 1910 171
1668 1859 1669 1862 Ἴ

203 1949 291 1983 τῶν
318 1940 505 1997 ἐχθρῶν,
531 1942 601 1982 καὶ
627 1943 699 1983 διὰ
724 1943 893 1983 τούτων
919 1941 1038 1983 ἐστὶν
1064 1943 1088 1996 ἡ
1117 1943 1306 1996 σωτηρία
1331 1948 1404 1996 τῆς
1430 1945 1551 1983 πολι-
1570 1959 1603 1984 26

136 2026 175 2056 17
204 2015 329 2062 τείας.
369 2013 421 2054 οὐ
448 2013 530 2067 γὰρ
551 2014 599 2054 τὸ
620 2015 903 2067 ψηφίσασθαι
923 2021 1012 2062 τοῖς
1034 2012 1081 2054 ἐν
1101 2020 1190 2062 τοῖς
1213 2014 1360 2062 ὅπλοις
1381 2015 1551 2066 ποιήσει

203 2085 251 2125 τὸ
278 2089 419 2138 νικᾶν,
446 2081 537 2125 ἀλλ’
570 2084 609 2125 οἱ
638 2085 743 2136 μετὰ
768 2084 937 2125 τούτων
963 2090 1222 2138 κρατοῦντες
1243 2085 1343 2133 τοὺς
1364 2082 1551 2138 ἐχθροὺς

204 2156 275 2196 καὶ
306 2156 576 2209 ψηφίζεσθαι
609 2155 680 2196 καὶ
707 2153 798 2196 ἄλλ’
830 2156 852 2197 ὅ
880 2171 920 2196 τι
947 2155 1001 2196 ἄν
1027 2155 1251 2209 βούλησθε
1277 2162 1421 2196 ποιεῖν
1446 2152 1551 2207 ὑμῖν

62 2239 183 2265 VI1133
205 2225 407 2277 ἐξουσίαν
439 2226 510 2267 καὶ
543 2226 695 2267 ἄδειαν
726 2226 1153 2281 παρασκευάσουσιν·
1192 2226 1259 2267 δεῖ
1289 2226 1371 2280 γὰρ
1399 2223 1446 2267 ἐν
1471 2225 1552 2278 μὲν
1571 2242 1605 2268 30
