1689 2531
124 1127 165 1158 10

125 1909 165 1938 11

193 94 252 134 54
680 96 1054 130 ΔΗΜΟΣΘΕΝΟΤΣ
1501 97 1543 143 [v

193 189 362 233 ἐκείνου
388 192 496 245 πρὸς
522 191 651 246 χάριν
677 190 768 233 οὔτ’
800 189 905 244 ἐμοῦ
932 192 1039 246 πρὸς
1060 190 1300 247 ἀπέχθειαν
1319 192 1544 247 ἠκούσατε.

192 263 333 304 καίτοι
359 265 489 305 τοῦτό
516 259 555 317 γ’
588 262 698 315 ὑμᾶς
725 258 844 315 οἶμαι
870 268 956 304 νῦν
982 262 1174 313 ἅπαντας
1198 260 1446 322 ᾐσθῆσθαι,
1479 264 1545 307 ὅτι

191 335 272 389 τὴν
309 331 396 375 τότ’
427 334 579 388 ἄφιξιν
614 335 674 383 εἷς
709 335 810 383 τοὺς
845 334 1078 386 πολεμίους
1113 333 1403 388 ποιησάμενος
1434 334 1544 390 ὑπὲρ

191 411 270 447 τοῦ
296 404 417 447 τάκεῖ
441 402 618 460 χρήματ’
651 401 918 459 ὀφειλόμεν’,
949 404 1005 453 ὡς
1034 405 1038 459 Ι
1067 402 1170 459 ἔφη,
1200 406 1380 458 κομίσας
1412 406 1543 461 δεῦρο
1565 411 1615 446 59

193 479 465 533 λῃτουργεῖν,
490 476 561 517 καὶ
587 475 726 532 τούτῳ
753 480 812 533 τῷ
834 476 947 532 λόγῳ
974 476 1160 532 πλείστῳ
1180 476 1462 531 χρησάμενος,
1488 477 1544 527 ὡς

192 547 342 588 δεινὸν
374 546 414 588 εἴ
436 562 499 596 τις
527 545 699 601 ἐγκαλεῖ
731 553 821 596 τοῖς
848 544 1020 588 ἐκεῖθεν
1046 544 1208 588 ἐνθάδε
1239 547 1313 596 τὰς
1340 547 1545 603 εὐπορίας

192 618 397 672 ἄγουσιν,
429 616 577 672 ἐπειδὴ
611 618 683 659 διὰ
715 618 795 672 τὴν
822 618 1002 672 εἰρήνην
1027 616 1174 667 ἀδείας
1201 615 1371 673 ἔτυχεν,
1395 619 1452 673 ’ἣν
1477 617 1545 660 ἐν-

192 687 293 730 θάδ’
326 686 511 743 ἐκέκτητ’
538 689 695 731 οὐσίαν
717 688 928 743 φανεράν,
948 688 1113 743 ταύτην
1133 687 1418 745 ἐξαργυρίσας
1437 690 1544 745 πρὸς

193 758 362 802 ἐκεῖνον
389 759 570 814 ἀπάγων
596 760 771 815 οἴχεται.
805 760 885 801 δύο
912 760 993 812 μὲν
1020 760 1073 815 δὴ
1094 757 1217 801 ταῦθ’
1250 757 1313 802 ὧν
1332 767 1545 815 προεῖπον

193 829 276 884 ἐγὼ
297 838 508 885 μαρτυρεῖ
526 838 615 881 τοῖς
630 830 935 885 γεγενημένοις
951 832 1096 885 λόγοις
1111 830 1256 885 ὀρθῶς
1271 831 1342 873 καὶ
1357 832 1545 886 δικαίως,

193 895 263 943 οἷά
295 916 375 956 περ
403 899 471 957 ἦν,
502 899 814 956 ἀποφανθένθ’
846 899 918 943 ὑπ’
952 900 1076 954 ἐμοῦ·
1102 902 1150 943 τὸ
1177 903 1327 956 τρίτον
1353 899 1390 943 δ’
1417 899 1450 944 ὦ
1471 903 1546 944 ἄν-

194 973 292 1027 δρες
309 970 535 1027 Ἀθηναῖοι
563 973 653 1028 (καὶ
673 974 812 1026 μόνον
833 972 881 1014 ἓν
901 970 1017 1015 τοῦτ’
1044 973 1178 1015 εἰπὼν
1198 970 1261 1014 ἔτι
1282 973 1353 1015 καὶ
1374 973 1427 1028 δὴ
1447 973 1546 1028 περὶ

194 1040 256 1086 ὧν
282 1042 551 1099 παρελήλυθ’
590 1042 712 1099 ἐρῶ),
742 1044 871 1098 ἡνίκα
902 1045 1004 1094 τοὺς
1038 1044 1194 1098 ὅρκους
1220 1045 1322 1094 τοὺς
1348 1044 1447 1099 περὶ
1472 1050 1546 1098 τῆς

193 1116 367 1170 εἰρήνης
399 1114 687 1169 ἀπειληφότες
719 1115 881 1170 ἥκομεν
913 1116 953 1157 οἱ
980 1114 1201 1170 πρέσβεις,
1232 1116 1329 1157 τότε
1359 1115 1546 1165 Θεσπιάς

193 1202 328 1228 τινων
353 1187 425 1228 καὶ
452 1187 674 1236 Πλαταιὰς
701 1186 1066 1242 ὑπισχνουμένων
1092 1187 1454 1242 οἰκισθήσεσθαι,
1477 1187 1549 1228 καὶ

193 1259 294 1307 τοὺς
327 1257 407 1310 μὲν
438 1257 612 1307 Φωκέας
644 1259 722 1299 τὸν
747 1258 980 1312 Φίλιππον,
1006 1256 1061 1298 ἂν
1080 1256 1257 1312 γένηται
1276 1257 1440 1312 κύριος,
1466 1257 1547 1299 σώ-

195 1339 303 1384 σειν,
327 1329 408 1383 τὴν
434 1328 482 1370 δὲ
512 1330 718 1383 Θηβαίων
743 1329 874 1370 πόλιν
900 1329 1120 1382 διοικιεῖν,
1147 1328 1218 1370 καὶ
1244 1329 1322 1370 τὸν
1342 1326 1548 1383 Ὠρωπὸν

193 1399 299 1452 ὑμῖν
325 1399 547 1454 ὑπάρξειν,
573 1400 644 1441 καὶ
670 1400 751 1454 τὴν
776 1400 976 1453 Εὔβοιαν
1008 1397 1099 1441 ἀντ’
1122 1397 1416 1455 Ἀμφιπόλεως
1442 1400 1547 1442 ἀπο-

194 1472 484 1525 δοθήσεσθαι,
509 1471 581 1512 καὶ
606 1471 809 1520 τοιαύτας
842 1469 1018 1520 ἐλπίδας
1050 1470 1122 1512 καὶ
1149 1471 1457 1526 φενακισμούς,
1483 1465 1547 1521 οἷς

193 1541 465 1596 ὑπαχθέντες
491 1542 613 1594 ὑμεῖς
639 1542 741 1584 οὔτε
762 1543 997 1597 συμφόρως
1024 1539 1115 1584 οὔτ’
1148 1541 1250 1591 ἴσως
1277 1545 1416 1592 καλῶς
1442 1556 1545 1597 προ-

194 1618 318 1654 εῖσθε
349 1612 543 1667 Φωκέας,
575 1611 708 1655 οὐδὲν
739 1613 908 1654 τούτων
934 1610 1023 1655 οὔτ’
1063 1611 1329 1667 ἐξαπατήσας
1356 1613 1457 1656 οὔτε
1483 1625 1547 1655 σι-

194 1686 329 1738 γήσας
356 1682 439 1738 ἐγὼ
467 1686 731 1739 φανήσομαι,
757 1683 866 1726 ἀλλὰ
891 1684 1115 1739 προειπὼν
1140 1683 1258 1739 ὑμῖν,
1284 1684 1340 1734 ὡς
1366 1680 1448 1726 οἶδ’
1481 1684 1547 1726 ὅτι

194 1755 502 1810 μνημονεύετε,
529 1756 595 1797 ὅτι
623 1753 740 1797 ταῦτ’
773 1753 863 1797 οὔτ’
890 1751 971 1797 οἶδ’
999 1755 1100 1797 οὔτε
1119 1756 1364 1810 προσδοκῶ,
1387 1756 1546 1808 νομίζω

195 1826 243 1867 δὲ
268 1827 346 1868 τὸν
374 1826 556 1881 λέγοντα
583 1830 743 1881 ληρεῖν.

260 1900 406 1939 Ταῦτα
431 1899 586 1940 τοίνυν
613 1896 794 1953 ἅπανθ’,
821 1898 901 1940 ὅσα
928 1898 1141 1952 φαίνομαι
1167 1896 1343 1952 βέλτιον
1367 1904 1456 1939 τῶν
1475 1898 1549 1939 άλ-

196 1972 285 2010 λων
321 1975 545 2023 προορῶν,
577 1969 681 2011 οὐδ’
718 1970 778 2019 εἰς
810 1970 914 2022 μίαν
947 1966 980 2009 ὦ
1016 1969 1173 2023 ἄνδρες
1189 1965 1415 2023 Ἀθηναῖοι
1448 1968 1549 2010 οὔτε

195 2037 406 2094 δεινότητ’
433 2037 522 2081 οὔτ’
549 2039 805 2091 ἀλαζονείαν
825 2038 1056 2094 ἐπανοίσω,
1076 2039 1179 2081 οὐδὲ
1199 2040 1548 2094 προσποιήσομαι

196 2107 250 2151 δι’
283 2110 416 2152 οὐδὲν
442 2112 548 2153 ἄλλο
574 2112 837 2166 γιγνώσκειν
856 2111 927 2153 καὶ
947 2110 1332 2164 προαισθάνεσθαι
1351 2110 1466 2164 πλὴν
1487 2107 1542 2151 δι’

195 2181 221 2223 ἃ
254 2181 308 2222 ἂν
339 2181 445 2234 ὑμῖν
483 2182 607 2236 εἴπω,
639 2182 738 2223 δύο·
777 2181 824 2223 ἓν
856 2182 936 2234 μὲν
977 2178 1009 2222 ὦ
1049 2181 1205 2235 ἄνδρες
1227 2178 1453 2234 Ἀθηναῖοι
1486 2178 1542 2222 δι’

1565 495 1580 520 5

1566 849 1599 876 10

1570 1205 1601 1230 15

1568 1561 1670 1601 20!

1569 1915 1601 1941 25

196 2252 420 2308 εὐτυχίαν,
450 2253 506 2307 ἣν
538 2253 764 2307 συμπάσης
798 2251 880 2307 ἐγὼ
913 2259 986 2307 τῆς
1020 2250 1067 2294 ἐν
1100 2251 1352 2306 ἀνθρώποις
1385 2251 1518 2306 οὔσης
1541 2250 1545 2308 Ι
1567 2269 1602 2295 30

1668 46 1678 117 ,ξ
