1689 2531
112 76 152 120 x]
557 74 683 107 RATA
709 75 961 107 ‹1>1A111r10T
986 76 1016 107 Δ
1371 73 1453 115 135

112 169 254 226 ἔροιτο
274 170 394 225 ,,εἰπε’
410 186 496 224 μοι,
515 171 558 212 τί
577 171 629 224 δὴ
650 170 908 231 γιγνώσκων
926 169 1126 224 ἀκριβῶς,
1146 168 1455 224 Ἀριστόμηδες,

111 241 275 299 (οὐδεὶς
311 242 393 296 γὰρ
432 241 484 282 τὰ
516 239 679 282 τοιαῦτ’
710 240 878 297 ἀγνοεῖ)
915 242 994 283 τὸν
1031 241 1110 293 μὲν
1146 248 1235 282 τῶν
1270 242 1456 282 ἰδιωτῶν

112 314 211 366 βίον
237 313 410 367 ἀσφαλῆ
436 312 507 353 καὶ
533 311 791 366 ἀπράγμονα
816 313 887 354 καὶ
908 311 1147 354 ἀκίνδυνον
1168 313 1285 366 ὄντα,
1310 312 1388 353 τὸν
1409 312 1456 353 δὲ

113 392 199 425 τῶν
229 382 580 435 πολιτευομένων
618 384 840 437 φιλαίτιον
877 383 948 424 καὶ
987 383 1209 437 σφαλερὸν
1248 382 1319 424 καὶ
1350 382 1448 424 καθ’

78 471 94 496 5
114 453 296 509 ἑκάστην
320 454 485 509 ἡμέραν
511 453 695 508 ἀγώνων
720 454 791 495 καὶ
816 462 961 495 κακῶν
986 455 1158 508 μεστόν,
1184 455 1234 495 οὐ
1256 455 1333 495 τὸν
1354 454 1457 508 ἡσύ-

113 541 222 580 χιον,
247 525 356 567 ἀλλὰ
376 526 453 567 τὸν
474 523 522 566 ἐν
542 531 632 574 τοῖς
658 525 883 574 κινδύνοις
910 525 1064 576 αἱρεῖςιζ
1089 526 1133 566 τί
1158 524 1212 566 ἂν
1239 525 1392 574 εἴποις;
1419 526 1455 567 εἰ

112 597 195 651 γὰρ
221 597 244 638 ὃ
269 596 497 650 βέλτιστον
523 597 660 637 εἰπεῖν
687 595 742 637 ἂν
768 594 892 651 ἔχοις,
917 597 1046 638 τοῦτό
1068 607 1136 638 σοι
1157 597 1337 650 δοίημεν
1357 596 1458 650 ἀλη-

113 667 191 717 θὲς
218 667 377 722 λέγειν,
402 668 458 717 ὡς
489 667 597 720 ὑπὲρ
626 668 872 720 φιλοτιμίας
903 668 974 708 καὶ
1001 667 1127 721 δόξης
1158 674 1293 709 ταῦτα
1318 667 1458 708 πάντα

114 745 265 793 ποιεῖς,
275 738 482 790 θαυμάζω
498 739 540 779 τί
553 738 712 791 δήποτε
727 742 871 795 σαυτῷ
886 738 965 790 μὲν
985 739 1092 792 ὑπὲρ
1107 738 1276 780 τούτων
1291 739 1459 780 ἅπαντα

63 825 96 850 10
116 809 319 863 ποιητέον
345 805 457 850 εἶναι
488 810 673 861 νομίζεις
705 809 776 850 καὶ
802 808 1016 863 πονητέον
1041 810 1112 850 καὶ
1137 809 1460 863 κινδυνευτέον,

114 886 166 935 τῇ
186 881 309 922 πόλει
329 881 377 922 δὲ
396 879 613 933 προέσθαι
634 885 768 921 ταῦτα
782 881 886 931 μετὰ
901 880 1119 937 ῥᾳθυμίας
1135 881 1419 934 συμβουλεύει
1427 898 1459 930 ς.

116 951 168 992 οὐ
182 952 265 1005 γὰρ
282 949 420 992 ἐκεῖνό
434 948 472 1005 γ’
492 950 546 992 ἂν
558 951 706 1003 εἴποις,
733 951 788 1000 ὡς
810 951 857 992 σὲ
877 951 957 1003 μὲν
978 950 1025 992 ἐν
1050 958 1102 1007 τῇ
1127 953 1250 993 πόλει
1278 952 1344 993 δεῖ
1362 953 1460 993 τινὰ

116 1023 374 1076 φαίνεσθαι,
405 1023 486 1076 τὴν
510 1023 640 1063 πόλιν
667 1021 704 1062 δ’
737 1020 784 1063 ἐν
815 1029 904 1071 τοῖς
922 1020 1099 1076 ΓΈλλησι
1125 1024 1309 1076 μηδενὸς
1336 1022 1461 1073 ἀξίαν

116 1088 240 1134 εἶναι.
271 1093 342 1134 καὶ
368 1093 453 1147 μὴν
473 1090 566 1134 οὐδ’
588 1090 726 1134 ἐκεῖνό
748 1090 786 1146 γ’
808 1092 908 1146 ὁρῶ,
934 1093 989 1142 ὡς
1009 1100 1060 1148 τῇ
1081 1094 1202 1135 πόλει
1222 1094 1301 1146 μὲν
1322 1093 1461 1148 ἀσφα-

63 1178 95 1204 15
118 1163 185 1213 λὲς
223 1164 271 1204 τὸ
308 1164 360 1205 τὰ
399 1164 530 1217 αὑτῆς
564 1163 787 1217 πράττειν,
821 1164 889 1204 σοὶ
922 1164 969 1205 δὲ
1002 1165 1225 1218 κίνδυνος,
1257 1166 1293 1206 εἰ
1326 1166 1461 1219 μηδὲν

115 1242 204 1276 τῶν
230 1236 374 1276 ἄλλων
400 1234 533 1276 πλέον
564 1234 852 1288 περιεργάσει,
878 1234 986 1275 ἀλλά
1011 1235 1272 1277 τούναντίον
1294 1237 1361 1277 σοὶ
1382 1236 1462 1288 μὲν

116 1304 158 1355 ἐξ
192 1302 255 1346 ὧν
281 1304 445 1359 ἐργάζει
471 1306 541 1346 καὶ
567 1305 833 1359 περιεργάζει
860 1307 961 1355 τοὺς
988 1304 1193 1360 ἐσχάτους
1220 1308 1347 1356 ὄντας
1370 1323 1461 1348 κιν-

117 1376 291 1430 δύνους,
310 1383 360 1431 τῇ
387 1377 509 1418 πόλει
530 1375 569 1417 δ’
589 1375 634 1417 ἐκ
654 1382 727 1429 τῆς
748 1377 937 1430 ἡσυχίας.
970 1376 1078 1418 ἀλλὰ
1097 1378 1151 1431 νὴ
1167 1379 1255 1418 Δία
1275 1376 1463 1435 παππῴα

118 1457 187 1489 σοι
218 1447 288 1488 καὶ
321 1445 495 1504 πατρῴα
527 1446 616 1497 δόξ’
648 1447 847 1502 ὑπάρχει,
878 1448 933 1501 ἣν
959 1449 1140 1502 αἰσχρόν
1176 1447 1294 1490 ἐστιν
1321 1447 1368 1490 ἐν
1395 1449 1463 1490 σοὶ

65 1535 99 1561 20
117 1521 372 1559 καταλῦσαι·
397 1525 449 1573 τῇ
475 1519 597 1559 πόλει
625 1517 661 1559 δ’
696 1518 883 1571 ὑπῆρξεν
910 1517 1117 1571 ἀνώνυμα
1142 1519 1213 1560 καὶ
1246 1523 1392 1573 φαῦλα
1412 1520 1464 1561 τὰ

118 1596 206 1630 τῶν
231 1590 473 1642 προγόνων.
506 1588 606 1629 ἀλλ’
632 1589 735 1630 οὐδὲ
755 1587 880 1630 τοῦθ’
907 1588 1043 1638 οὕτως
1063 1587 1166 1644 ἔχει·
1194 1591 1261 1631 σοὶ
1282 1591 1361 1642 μὲν
1381 1591 1463 1644 γὰρ

25 1665 98 1700 151
120 1657 175 1713 ἧν
206 1659 387 1713 κλέπτης
420 1659 442 1701 ὁ
474 1658 644 1715 παζτήρ,
676 1660 794 1712 εἴπερ
826 1657 881 1713 ἦν
907 1660 1053 1712 ὅμοιός
1081 1672 1162 1714 σοι,
1193 1667 1243 1716 τῇ
1269 1662 1393 1703 πόλει
1420 1660 1457 1702 δ’

121 1731 243 1784 ἡμῶν
276 1730 350 1780 οὓς
386 1730 542 1780 πάντες
575 1730 722 1771 ἴσασιν
755 1731 793 1772 οἱ
818 1728 1021 1784 ’Έλληνες
1055 1730 1099 1772 ἐκ
1131 1740 1218 1773 τῶν
1250 1734 1465 1785 μεγίστων

120 1801 343 1842 κινδύνων
370 1801 617 1857 σεσῳμένοι.
651 1801 759 1842 ἀλλὰ
784 1802 865 1855 γὰρ
890 1801 969 1843 οὐκ
991 1802 1091 1851 ἴσως
1112 1803 1216 1844 οὐδὲ
1236 1807 1464 1852 πολιτικῶς

68 1889 101 1916 25
121 1869 231 1913 ἔνιοι
262 1872 314 1912 τὰ
345 1870 444 1912 καθ’
478 1872 636 1921 αὐτοὺς
668 1873 738 1913 καὶ
770 1873 821 1913 τὰ
852 1872 940 1914 κατ’
974 1873 1111 1927 αὐτὴν
1142 1874 1465 1914 πολιτεύονται·

122 1950 211 1992 πῶς
237 1943 318 1996 γάρ
346 1941 464 1983 ἐστιν
496 1942 594 1983 ἴσον
619 1942 787 1983 τούτων
812 1942 892 1995 μέν
922 1959 1042 1993 τινας
1069 1942 1114 1984 ἐκ
1145 1950 1223 1985 τοῦ
1251 1944 1466 1998 δεσμωτη-

123 2015 221 2067 ρίου
254 2013 436 2067 ἤκοντας
469 2011 648 2062 ἑαυτοὺς
684 2013 878 2068 ἀγνοεῖν,
908 2015 988 2068 τὴν
1019 2016 1149 2056 πόλιν
1181 2014 1241 2069 δ’,
1271 2015 1296 2068 ἢ
1322 2029 1467 2068 προει-

125 2086 269 2138 στήκει
302 2092 389 2125 τῶν
422 2085 565 2125 ἄλλων
597 2084 700 2133 τέως
728 2085 797 2125 καὶ
829 2086 876 2126 τὸ
903 2093 1117 2138 πρωτεῖον
1143 2082 1275 2140 εἶχεν,
1308 2091 1393 2126 νῦν
1419 2084 1467 2127 ἐν

125 2154 276 2212 ἀδοξίᾳ
301 2155 416 2212 πάσῃ
443 2155 513 2196 καὶ
539 2156 811 2209 ταπεινότητι
838 2156 1126 2207 καθεστάναι;

72 2244 106 2269 30
192 2227 337 2267 Πολλὰ
362 2227 516 2267 τοίνυν
547 2224 657 2280 ἔχων
684 2223 745 2267 ἔτι
771 2226 841 2267 καὶ
867 2228 964 2281 περὶ
997 2231 1170 2269 πολλῶν
1197 2229 1334 2269 εἰπεῖν
1358 2227 1467 2268 παύ-

1483 535 1525 564 71

1494 2224 1553 2269 ’ω’
