1689 2531
108 82 177 125 XV]
392 81 507 113 ΠΕΡΙ
530 82 628 113 ΤΗΣ
653 79 838 114 ΡΟΔΙῼΝ
862 81 1174 115 ΕΛΕΥΘΕΡΙΑΣ
1374 81 1457 122 175

109 176 190 218 οὐκ
210 174 394 218 ἐδόκουν
415 176 561 228 ὀρθῶς
582 175 738 231 λέγειν,
763 175 871 217 ἀλλὰ
896 176 966 217 καὶ
986 176 1091 228 ὑμῖν
1110 177 1293 231 ’ἤρεσκεν
1311 183 1458 218 ταῦτα.

108 246 354 296 ἀκόλουθος
379 247 533 288 τοίνυν
559 246 581 288 ὁ
608 252 693 288 νῦν
719 247 846 301 λόγος
874 245 966 288 ἐστί
982 263 1056 299 μοι
1075 252 1134 304 τῷ
1147 248 1244 289 τότε
1265 247 1457 302 ῥηθέντι.

109 316 191 371 ἐγὼ
226 317 329 372 γὰρ,
363 318 399 359 εἰ
437 319 644 371 βασιλεὺς
675 315 777 372 παρ’
809 318 945 359 αὑτὸν
982 319 1087 359 ὄντα
1119 333 1170 370 με
1203 318 1456 371 σύμβουλον

106 395 287 442 ποιοῖτο,
306 386 426 430 ταῦτ’
449 387 502 429 ἂν
523 387 639 445 αὐτῷ
653 386 957 443 παραινέσαιμ’
977 389 1083 444 ἅπερ
1105 389 1222 443 ὑμῖν,
1246 389 1355 444 ὑπὲρ
1376 389 1456 442 μὲν

70 476 86 502 5
105 466 193 501 τῶν
218 458 354 500 αὑτοῦ
380 462 604 513 πολεμεῖν,
636 457 712 500 ἐάν
737 475 801 508 τις
828 457 1082 501 ἐναντιῶται
1113 466 1201 501 τῶν
1221 458 1456 514 Ἑλλήνων,

106 526 169 571 ὧν
195 529 243 571 δὲ
268 529 406 583 μηδὲν
432 529 547 586 αὐτῷ
568 531 789 584 προσήκει,
813 530 982 571 τούτων
1007 528 1104 584 μηδ’
1131 529 1455 572 ἀντιποιεῖσθαι

105 600 186 655 τὴν
206 599 355 655 ἀρχήν.
388 601 424 642 εἰ
445 599 525 653 μὲν
539 597 622 641 οὖν
643 601 752 650 ὅλως
773 598 977 654 ἐγνώκατ’
1003 598 1035 641 ὦ
1058 598 1457 655 ἄνδρεςἈθηναῖοι,

108 671 225 713 ὅσων
246 670 301 712 ἂν
320 672 526 724 βασιλεὺς
547 669 755 725 ἐγκρατὴς
775 670 951 725 γένηται
972 671 1148 726 φθάσας
1167 671 1192 725 ἢ
1209 686 1456 726 παρακρου-

108 741 294 794 σάμενός
313 757 434 791 τινας
454 748 543 783 τῶν
564 740 611 783 ἐν
625 749 717 791 ταῖς
737 743 930 795 πόλεσιν,
943 749 1231 797 παραχωρεῖν,
1244 742 1296 784 οὐ
1317 745 1456 791 καλῶς

53 830 86 856 ιο
107 811 334 867 ἐγνώκατε,
359 813 416 862 ὡς
442 811 525 866 ἐγὼ
546 814 700 867 κρίνω·
727 814 763 854 εἰ
785 810 822 853 δ’
848 813 957 867 ὑπὲρ
978 820 1066 854 τῶν
1087 814 1269 855 δικαίων
1289 813 1359 854 καὶ
1379 828 1456 854 πο-

108 886 266 937 λεμεῖν,
292 882 346 925 ἂν
365 884 524 925 τούτου
546 883 635 940 δέῃ,
654 884 725 924 καὶ
744 883 928 938 πάσχειν
948 883 1098 925 ὁτιοῦν
1119 885 1268 925 οἴεσθε
1288 890 1457 939 χρῆναι,

106 961 280 1009 πρῶτον
305 954 386 1006 μὲν
411 954 517 1007 ὑμῖν
548 951 680 1007 ἧττον
706 954 851 1008 δεήσει
877 954 1061 1009 τούτων,
1096 955 1182 1011 ὅσῳ
1210 954 1264 996 ἂν
1290 957 1456 1006 μᾶλλον

107 1023 341 1079 ἐγνωκότες
366 1022 440 1079 ἦτε
465 1031 614 1078 ταῦτα,
639 1022 779 1066 ἔπειθ’
806 1025 832 1066 ἃ
852 1027 1059 1078 προσήκει
1086 1032 1271 1080 φρονεῖν
1298 1024 1455 1075 δόξετε.

155 1093 248 1138 Ὅτι
276 1093 312 1136 δ’
346 1095 478 1137 οὐδὲν
503 1097 657 1137 καινὸν
684 1093 774 1137 οὔτ’
806 1094 888 1149 ἐγὼ
917 1095 1025 1149 λέγω
1052 1102 1138 1137 νῦν
1163 1096 1354 1137 κελεύων
1368 1093 1455 1137 Ῥο-

53 1184 85 1209 15
107 1167 228 1216 δίους
261 1165 546 1221 ἐλευθεροῦν,
583 1164 687 1208 οὔθ’
718 1167 858 1220 ὑμεῖς,
891 1165 944 1207 ἂν
976 1171 1205 1221 πεισθῆτε,
1242 1169 1455 1220 ποιήσετε,

104 1244 193 1279 τῶν
218 1238 520 1292 γεγενημένων
542 1238 652 1290 ὑμᾶς
671 1253 712 1279 τι
732 1238 803 1279 καὶ
825 1238 1184 1292 συνενηνοχότων
1204 1238 1454 1292 ὑπομνήσω.

105 1308 226 1360 ὑμεῖς
264 1306 525 1361 ἐξεπέμψατε
568 1309 789 1361 Τιμόθεόν
832 1305 928 1350 ποτ’
973 1306 1004 1349 ὦ
1044 1309 1199 1362 ἄνδρες
1228 1306 1454 1362 Ἀθηναῖοι

9 1382 85 1417 193
104 1378 372 1433 βοηθήσοντ’
391 1376 712 1437 Ἀριοβαρζάνῃ,
737 1379 1097 1433 προσγράψαντες
1122 1384 1181 1436 τῷ
1195 1379 1454 1434 ψηΙφίσματι

103 1450 184 1505 ,,μὴ
206 1450 367 1492 λύοντα
392 1451 466 1499 τὰς
488 1451 679 1499 σπονδὰς
705 1451 778 1500 τὰς
799 1451 905 1504 πρὸς
927 1451 1004 1492 τὸν
1024 1449 1240 1503 βασιλέαίί.
1281 1451 1389 1491 ἰδὼν
1410 1448 1448 1491 δ’

51 1539 85 1563 20
104 1518 266 1570 ἐκεῖνος
297 1522 376 1562 τὸν
407 1521 487 1573 μὲν
504 1519 840 1574 Ἀριοβαρζάνην
883 1528 1082 1574 φανερῶς
1116 1520 1343 1575 ἀφεστῶτα
1374 1527 1453 1563 τοῦ

103 1591 330 1645 βασιλέως,
356 1592 511 1644 Σάμον
544 1592 591 1633 δὲ
617 1591 957 1646 φρουρουμένην
988 1592 1073 1633 ὑπὸ
1101 1591 1454 1645 Κυπροθέμιδος,

104 1661 156 1703 ὃν
193 1661 426 1716 κατέστησε
471 1662 686 1716 Τιγράνης
725 1662 747 1704 ὁ
783 1662 995 1715 βασιλέως
1034 1662 1245 1716 ὕπαρχος,
1282 1667 1341 1719 τῷ
1373 1663 1453 1715 μὲν

104 1732 275 1786 ἀπέγνω
308 1734 364 1787 μὴ
397 1735 600 1787 βοηθεῖν,
631 1734 711 1787 τὴν
743 1733 791 1774 δὲ
826 1734 1228 1787 προσκαθεζόμενος
1254 1733 1325 1774 καὶ
1350 1736 1453 1787 βοη-

104 1805 245 1857 θήσας
279 1803 603 1858 ἠλευθέρωσεν·
635 1804 706 1845 καὶ
738 1803 862 1858 μέχρι
894 1810 967 1857 τῆς
1002 1805 1190 1858 τήμερον
1215 1804 1374 1858 ἡμέρας
1400 1804 1452 1846 οὐ

53 1891 86 1917 25
106 1874 288 1928 γέγονεν
312 1875 498 1926 πόλεμος
525 1875 597 1915 διὰ
622 1872 750 1915 ταῦθ’
782 1875 897 1927 ὑμῖν.
939 1874 991 1916 οὐ
1017 1876 1099 1928 γὰρ
1127 1874 1283 1927 ὁμοίως
1309 1874 1453 1924 οὐδεὶς

107 1943 216 1998 ὑπέρ
242 1959 287 1986 τε
313 1951 391 1986 τοῦ
411 1948 688 1986 πλεονεκτεῖν
707 1947 991 1998 πολεμήσειεν
1012 1944 1066 1986 ἂν
1085 1946 1156 1986 καὶ
1176 1952 1263 1986 τῶν
1283 1944 1454 2000 ἑαυτοῦ,

107 2012 198 2056 ἀλλ’
231 2015 339 2069 ὑπὲρ
361 2015 440 2067 μὲν
460 2012 522 2056 ὧν
543 2014 822 2057 ἐλαττοῦνται
841 2014 965 2070 μέχρι
984 2022 1062 2057 τοῦ
1084 2017 1275 2057 δυνατοῦ
1296 2016 1452 2066 πάντες

106 2088 393 2140 πολεμοῦσιν,
424 2086 533 2140 ὑπὲρ
568 2086 615 2127 δὲ
646 2093 725 2127 τοῦ
756 2089 1032 2127 πλεονεκτεῖν
1063 2086 1142 2140 οὐχ
1174 2085 1330 2141 οὕτως,
1355 2085 1447 2128 ἀλλ’

109 2154 305 2210 ἐφίενται
330 2156 423 2211 μέν,
449 2155 525 2198 ἐάν
550 2172 614 2206 τις
641 2155 701 2212 ἐᾷ,
727 2155 803 2198 ἐὰν
829 2157 876 2197 δὲ
902 2160 1178 2211 κωλυθῶσιν,
1203 2157 1334 2199 οὐδὲν
1359 2158 1451 2211 ηδι-

53 2244 87 2269 3ο
106 2226 282 2280 κηκέναι
308 2229 408 2276 τοὺς
436 2225 780 2277 ἐναντιωθέντας
812 2227 959 2277 αὐτοῖς
985 2229 1206 2281 ἡγοῦνται.

1485 258 1503 288 7

1481 1817 1525 1848 10
