1689 2531
137 100 195 144 n]
528 100 659 132 ΠΡΟΣ
684 100 784 132 THN
808 100 1097 133 ΕΠΙΣΤΟΛΗΝ
1403 99 1485 140 139

138 194 226 250 ὁρῶ
253 194 290 236 δ’
318 195 374 244 ὡς
401 195 506 236 ὅταν
531 194 612 247 μὲν
636 193 708 236 ὑπ’
730 194 902 243 εὐνοίας
928 195 980 236 τὰ
1006 195 1234 249 πράγματα
1255 194 1486 250 συνέχηται

137 266 209 308 καὶ
240 272 345 307 πᾶσι
376 264 512 307 ταύτὰ
544 264 744 321 συμφέρῃ
776 271 865 314 τοῖς
897 264 1124 320 μετέχουσι
1156 273 1244 307 τῶν
1274 265 1487 320 πολέμων,

138 336 258 390 μένει
283 337 335 378 τὰ
361 335 638 377 συσταθέντα
663 337 866 388 βεβαίως·
893 336 998 377 ὅταν
1025 334 1061 377 δ’
1095 334 1136 386 ἐξ
1164 335 1397 390 ἐπιβουλῆς
1417 338 1487 378 καὶ

137 406 387 457 πλεονεξίας
413 406 554 463 ἀπάτῃ
579 406 650 447 καὶ
676 408 751 463 βία
776 406 1020 462 κατέχηται,
1051 406 1250 461 καθάπερ
1278 408 1362 449 ὑπὸ
1388 408 1488 449 τού-

103 495 119 521 5
138 494 216 520 του
242 484 340 532 νῦν,
364 478 495 531 μικρὰ
526 478 746 531 πρόφασις
781 478 851 518 καὶ
877 479 924 519 τὸ
952 478 1087 532 τυχὸν
1112 484 1302 530 πταῖσμα
1327 477 1486 532 ταχέως

139 549 249 590 αὐτὰ
269 549 453 590 διέσεισε
473 549 542 589 καὶ
563 547 811 590 κατέλυσεν.
844 549 914 590 καὶ
935 549 1140 598 πολλάκις
1162 549 1346 603 εὑρίσκω
1370 553 1486 603 λογι-
1513 560 1532 591 8

139 620 314 672 ζόμενος
346 620 398 661 οὐ
424 621 563 672 μόνον
589 616 621 660 ὦ
649 620 804 673 ἄνδρες
828 618 1052 673 Ἀθηναῖοι
1084 620 1136 660 τὰ
1163 621 1408 675 συμμαχικὰ
1433 625 1492 678 τῷ
1513 630 1587 657 1113

143 692 344 746 Φιλίππῳ
370 691 477 743 πρὸς
499 690 696 739 ὑποψίαν
714 690 876 744 ἥκοντα
897 691 966 731 καὶ
988 690 1262 745 δυσμένειαν,
1288 691 1396 733 ἀλλὰ
1415 692 1486 733 καὶ

139 762 191 802 τὰ
215 767 290 815 τῆς
317 762 428 810 ἰδίας
455 761 586 815 ἀρχῆς
611 761 662 802 οὐ
685 760 1021 815 συνηρμοσμένα
1039 765 1179 811 καλῶς
1200 761 1295 803 οὐδ’
1320 763 1487 812 οἰκείως
1512 773 1527 797 Ι
1543 774 1575 798 21

86 849 118 875 ιο
138 831 233 874 οὐδ’
258 832 314 881 ὡς
341 832 478 873 οἴεταί
501 847 576 881 τις.
610 832 719 881 ὅλως
746 832 826 884 μὲν
848 833 930 886 γὰρ
951 832 976 886 ἡ
1000 833 1281 887 ᾹῙακεδονικὴ
1304 833 1487 885 δύναμις
1513 843 1588 869 11¹4

139 901 186 944 ἐν
205 903 285 955 μὲν
304 904 558 956 προσθήκης
578 902 698 955 μέρει
719 902 859 957 ῥοπὴν
879 900 965 957 ἔχει
987 904 1084 944 τινὰ
1106 904 1175 944 καὶ
1195 910 1364 958 χρῆσιν,
1379 904 1486 958 αὐτὴ

139 974 186 1015 δὲ
211 972 311 1015 καθ’
339 974 477 1027 αὐτὴν
498 973 689 1026 ἀσθενής
711 972 830 1014 ε’στιν
851 974 922 1014 καὶ
947 975 1054 1027 πρὸς
1075 977 1334 1028 τηλικοῦτον
1354 976 1488 1028 ὄγκον

137 1044 402 1099 πραγμάτων
417 1043 806 1098 εὐκαταφρόνητος.
826 1042 887 1085 ἔτι
903 1043 940 1085 δ’
961 1044 1099 1098 αὐτὴν
1114 1042 1241 1094 οὗτος
1255 1052 1344 1094 τοῖς
1359 1044 1484 1087 πολέ-
1512 1057 1530 1087 9
1557 1055 1586 1081 Π
1598 1056 1630 1082 15

137 1131 233 1168 μοις
259 1116 330 1157 καὶ
349 1122 441 1164 ταῖς
466 1122 684 1168 στρατιαῖς
704 1116 775 1156 καὶ
795 1121 929 1156 πᾶσιν
950 1109 1012 1164 οἷς
1034 1116 1088 1156 ἄν
1109 1132 1171 1165 τις
1194 1116 1330 1157 αὐτὸν
1349 1115 1487 1170 μέγαν

85 1203 118 1228 15
139 1181 250 1227 εἶναι
288 1187 492 1239 νομίσειε,
530 1185 866 1239 σφαλερωτέραν
905 1187 1021 1243 αὐτῷ
1053 1188 1270 1240 πεποίηκε.
1309 1188 1366 1241 μὴ
1404 1188 1486 1240 γὰρ

139 1255 281 1298 οἴεσθ’
310 1254 342 1297 ὦ
370 1257 525 1310 ἄνδρες
545 1256 767 1310 Ἀθηναῖοι
793 1264 882 1306 τοῖς
904 1257 1051 1306 αὐτοῖς
1072 1259 1241 1312 χαίρειν
1265 1259 1488 1299 Φίλιππόν

137 1343 183 1369 τε
203 1327 274 1369 καὶ
294 1329 396 1376 τοὺς
417 1326 695 1382 ἀρχομένους,
710 1327 801 1368 ἀλλ’
823 1326 1040 1369 ἐννοεῖσθ’
1062 1328 1118 1377 ὡς
1139 1328 1160 1370 ὁ
1182 1328 1262 1380 μὲν
1283 1326 1489 1380 ἐπιθυμεῖ

138 1398 277 1451 δόξης,
291 1398 331 1439 οἱ
348 1395 384 1439 δ’
402 1397 652 1451 ἀσφαλείας,
664 1398 733 1438 καὶ
749 1397 863 1454 αὐτῷ
872 1398 952 1449 μὲν
967 1398 1046 1439 οὐκ
1060 1396 1151 1439 ἔστι
1165 1405 1313 1453 τυχεῖν
1330 1399 1484 1452 ταύτης

138 1467 394 1522 ἀκινδύνως,
409 1469 448 1510 οἱ
465 1466 501 1509 δ’
522 1468 654 1509 οὐδὲν
670 1468 856 1522 δέονται,
869 1470 1101 1509 καταλείπο
1114 1484 1210 1518 ντες
1225 1470 1332 1511 οἴκοι
1350 1469 1492 1521 τέκνα,

85 1558 117 1583 20
138 1546 299 1593 γονεῖς,
324 1546 552 1592 γυναῖκας,
587 1540 856 1592 φθείρεσθαι
883 1539 953 1579 καὶ
980 1539 1082 1580 καθ’
1117 1538 1302 1594 ἑκάστην
1328 1540 1492 1595 ἡμέραν

43 1614 116 1650 155
137 1610 417 1651 κινδυνεύειν
443 1610 550 1663 ὑπὲρ
579 1610 737 1651 αὐτῶν.
775 1610 885 1650 ὥστε
912 1612 1013 1659 τοὺς
1051 1611 1131 1662 μὲν
1164 1613 1353 1660 πολλοὺς
1377 1612 1380 1666 Ι
1403 1618 1491 1652 τῶν
1522 1622 1561 1653 10

137 1681 413 1723 ΛῙακεδόνων
446 1679 491 1721 ἐκ
517 1681 686 1721 τούτων
720 1681 774 1721 ἄν
800 1697 863 1729 τις
891 1681 977 1722 ἴδοι
1004 1688 1093 1731 πῶς
1121 1682 1359 1723 διάκεινται
1380 1684 1487 1736 πρὸς
1512 1671 1591 1696 11¹⁷

136 1752 215 1792 τὸν
247 1753 484 1792 Φίλιππον·
516 1753 617 1800 τοὺς
652 1752 698 1792 δὲ
731 1752 829 1804 περὶ
862 1752 997 1793 αὐτὸν
1030 1753 1158 1802 ὄντας
1194 1740 1393 1807 ἑταίρους
1421 1755 1491 1794 καὶ

137 1823 239 1870 τοὺς
270 1829 358 1862 τῶν
391 1821 526 1871 ξένων
558 1823 771 1875 ἡγεμόνας
805 1822 1007 1875 εὑρήσετε
1043 1822 1176 1872 δόξαν
1209 1824 1290 1875 μὲν
1315 1822 1492 1878 ἔχοντας

87 1911 120 1937 25
141 1890 203 1933 ἐπ’
242 1891 440 1948 ἀνδρεία,
478 1893 686 1943 περιδεῶς
719 1893 765 1933 δὲ
798 1896 964 1944 μᾶλλον
1000 1900 1088 1934 τῶν
1120 1893 1289 1943 ἀδόξων
1322 1898 1494 1945 ζῶντας.

139 1970 229 2012 τοῖς
261 1963 341 2014 μὲν
372 1964 453 2016 γὰρ
488 1964 594 2015 πρὸς
626 1964 727 2011 τοὺς
754 1965 986 2014 πολεμίους
1019 1965 1157 2016 μόνον
1193 1964 1373 2019 ὑπάρχει
1401 1966 1488 2006 κίν-

142 2034 287 2087 δυνος,
312 2035 352 2074 οἱ
381 2033 427 2074 δὲ
452 2035 554 2082 τοὺς
581 2034 764 2082 κόλακας
784 2034 852 2074 καὶ
875 2036 975 2083 τοὺς
997 2035 1311 2087 διαβάλλοντας
1333 2035 1491 2084 αὐτοὺς
1517 2034 1593 2101 ¹⁸¹&

141 2107 307 2156 μᾶλλον
332 2103 356 2156 ἣ
384 2104 458 2152 τὰς
479 2103 614 2157 μάχας
636 2104 852 2144 δεδίασιν·
878 2103 1070 2146 κάκεῖνοι
1091 2106 1171 2156 μὲν
1191 2106 1296 2157 μετὰ
1316 2105 1493 2146 πάντων
1521 2117 1561 2147 11

142 2174 425 2228 ἀγωνίζονται
457 2174 564 2226 πρὸς
596 2175 697 2223 τοὺς
724 2173 1081 2229 ἀντιταχθέντας,
1113 2182 1202 2224 τοῖς
1236 2176 1283 2216 δὲ
1309 2176 1379 2217 καὶ
1405 2183 1493 2217 τῶν

88 2263 122 2289 30
142 2244 189 2287 ἐν
220 2251 309 2293 τοῖς
341 2244 542 2297 πολέμοις
575 2252 718 2285 κακῶν
751 2245 830 2285 οὐκ
863 2243 1089 2300 ἐλάχιστον
1121 2246 1248 2300 μέρος
1283 2246 1493 2301 μέτεστιν,
