<?xml version="1.0" encoding="UTF-8"?>
<!DOCTYPE html PUBLIC "-//W3C//DTD XHTML 1.0 Transitional//EN"
    "http://www.w3.org/TR/xhtml1/DTD/xhtml1-transitional.dtd">
<html xmlns="http://www.w3.org/1999/xhtml" xml:lang="en" lang="en">
 <head>
  <title>
</title>
<meta http-equiv="Content-Type" content="text/html;charset=utf-8" />
  <meta name='ocr-system' content='tesseract 3.04.00' />
  <meta name='ocr-capabilities' content='ocr_page ocr_carea ocr_par ocr_line ocrx_word'/>
</head>
<body>
  <div class='ocr_page' id='page_1' title='image "./demosthenisorati0101demouoft_0100.png"; bbox 0 0 1689 2531; ppageno 0'>
   <div class='ocr_carea' id='block_1_1' title="bbox 91 365 135 394">
    <p class='ocr_par' dir='ltr' id='par_1_1' title="bbox 91 365 135 394">
     <span class='ocr_line' id='line_1_1' title="bbox 91 365 135 394; baseline 0.023 -1"><span class='ocrx_word' id='word_1_1' title='bbox 91 365 135 394; x_wconf 74' lang='lat'><em>54</em></span> 
     </span>
    </p>
   </div>
   <div class='ocr_carea' id='block_1_2' title="bbox 93 720 136 750">
    <p class='ocr_par' dir='ltr' id='par_1_2' title="bbox 93 720 136 750">
     <span class='ocr_line' id='line_1_2' title="bbox 93 720 136 750; baseline 0.023 -1"><span class='ocrx_word' id='word_1_2' title='bbox 93 720 136 750; x_wconf 80' lang='lat'><em>55</em></span> 
     </span>
    </p>
   </div>
   <div class='ocr_carea' id='block_1_3' title="bbox 95 1075 138 1105">
    <p class='ocr_par' dir='ltr' id='par_1_3' title="bbox 95 1075 138 1105">
     <span class='ocr_line' id='line_1_3' title="bbox 95 1075 138 1105; baseline 0 0"><span class='ocrx_word' id='word_1_3' title='bbox 95 1075 138 1105; x_wconf 76' lang='lat'><em>56</em></span> 
     </span>
    </p>
   </div>
   <div class='ocr_carea' id='block_1_4' title="bbox 101 1929 144 1960">
    <p class='ocr_par' dir='ltr' id='par_1_4' title="bbox 101 1929 144 1960">
     <span class='ocr_line' id='line_1_4' title="bbox 101 1929 144 1960; baseline -0.023 0"><span class='ocrx_word' id='word_1_4' title='bbox 101 1929 144 1960; x_wconf 76' lang='lat'><em>58</em></span> 
     </span>
    </p>
   </div>
   <div class='ocr_carea' id='block_1_5' title="bbox 161 111 1514 158">
    <p class='ocr_par' dir='ltr' id='par_1_5' title="bbox 161 111 1514 158">
     <span class='ocr_line' id='line_1_5' title="bbox 161 111 1514 158; baseline 0.001 -11"><span class='ocrx_word' id='word_1_5' title='bbox 161 111 219 153; x_wconf 65' lang='lat'><em>94</em></span> <span class='ocrx_word' id='word_1_6' title='bbox 651 113 1025 147; x_wconf 71' lang='grc' dir='ltr'>ΔΗΜΟΣΘΕΝΟΤΣ</span> <span class='ocrx_word' id='word_1_7' title='bbox 1423 114 1514 158; x_wconf 79' lang='lat' dir='ltr'>[VIII</span> 
     </span>
    </p>
   </div>
   <div class='ocr_carea' id='block_1_6' title="bbox 161 204 1527 2256">
    <p class='ocr_par' dir='ltr' id='par_1_6' title="bbox 161 204 1521 1046">
     <span class='ocr_line' id='line_1_6' title="bbox 162 204 1515 264; baseline -0.001 -12"><span class='ocrx_word' id='word_1_8' title='bbox 162 208 341 264; x_wconf 75' lang='grc' dir='ltr'><em>εἰρήνην</em></span> <span class='ocrx_word' id='word_1_9' title='bbox 356 204 479 264; x_wconf 75' lang='grc' dir='ltr'><em>ἄγειν</em></span> <span class='ocrx_word' id='word_1_10' title='bbox 495 209 574 264; x_wconf 81' lang='grc' dir='ltr'><em>οὐχ</em></span> <span class='ocrx_word' id='word_1_11' title='bbox 588 209 698 262; x_wconf 81' lang='grc' dir='ltr'><em>ὑμᾶς</em></span> <span class='ocrx_word' id='word_1_12' title='bbox 721 210 816 251; x_wconf 80' lang='grc' dir='ltr'><em>δεῖν</em></span> <span class='ocrx_word' id='word_1_13' title='bbox 829 211 1016 264; x_wconf 82' lang='grc' dir='ltr'><em>πείθειν,</em></span> <span class='ocrx_word' id='word_1_14' title='bbox 1043 211 1085 250; x_wconf 85' lang='grc' dir='ltr'><em>οἳ</em></span> <span class='ocrx_word' id='word_1_15' title='bbox 1104 208 1386 262; x_wconf 79' lang='grc' dir='ltr'><em>πεπεισμένοι</em></span> <span class='ocrx_word' id='word_1_16' title='bbox 1405 208 1515 251; x_wconf 82' lang='grc' dir='ltr'><em>κάθ-</em></span> 
     </span>
     <span class='ocr_line' id='line_1_7' title="bbox 161 279 1514 335; baseline 0 -13"><span class='ocrx_word' id='word_1_17' title='bbox 161 285 293 335; x_wconf 89' lang='grc' dir='ltr'><em>ησθε,</em></span> <span class='ocrx_word' id='word_1_18' title='bbox 333 279 442 321; x_wconf 82' lang='grc' dir='ltr'><em>ἀλλὰ</em></span> <span class='ocrx_word' id='word_1_19' title='bbox 482 281 560 321; x_wconf 89' lang='grc' dir='ltr'><em>τὸν</em></span> <span class='ocrx_word' id='word_1_20' title='bbox 600 281 653 321; x_wconf 82' lang='grc' dir='ltr'><em>τὰ</em></span> <span class='ocrx_word' id='word_1_21' title='bbox 693 285 772 321; x_wconf 88' lang='grc' dir='ltr'><em>τοῦ</em></span> <span class='ocrx_word' id='word_1_22' title='bbox 813 280 1005 332; x_wconf 85' lang='grc' dir='ltr'><em>πολέμου</em></span> <span class='ocrx_word' id='word_1_23' title='bbox 1041 280 1287 333; x_wconf 85' lang='grc' dir='ltr'><em>πράττοντα</em></span> <span class='ocrx_word' id='word_1_24' title='bbox 1323 279 1396 335; x_wconf 74' lang='grc' dir='ltr'><em>(ἂν</em></span> <span class='ocrx_word' id='word_1_25' title='bbox 1431 281 1514 334; x_wconf 73' lang='grc' dir='ltr'><em>γὰρ</em></span> 
     </span>
     <span class='ocr_line' id='line_1_8' title="bbox 163 348 1509 406; baseline -0.001 -13"><span class='ocrx_word' id='word_1_26' title='bbox 163 351 326 401; x_wconf 81' lang='grc' dir='ltr'><em>ἐκεῖνος</em></span> <span class='ocrx_word' id='word_1_27' title='bbox 357 355 539 406; x_wconf 74' lang='grc' dir='ltr'><em>πεισθῇ,</em></span> <span class='ocrx_word' id='word_1_28' title='bbox 570 351 623 392; x_wconf 87' lang='grc' dir='ltr'><em>τά</em></span> <span class='ocrx_word' id='word_1_29' title='bbox 655 350 691 405; x_wconf 78' lang='grc' dir='ltr'><em>γ’</em></span> <span class='ocrx_word' id='word_1_30' title='bbox 731 348 806 405; x_wconf 84' lang='grc' dir='ltr'><em>ἀφ’</em></span> <span class='ocrx_word' id='word_1_31' title='bbox 843 351 968 403; x_wconf 84' lang='grc' dir='ltr'><em>ὑμῶν</em></span> <span class='ocrx_word' id='word_1_32' title='bbox 999 349 1220 405; x_wconf 74' lang='grc' dir='ltr'><em>ὑπάρχει)·</em></span> <span class='ocrx_word' id='word_1_33' title='bbox 1252 353 1446 403; x_wconf 84' lang='grc' dir='ltr'><em>νομίζειν</em></span> <span class='ocrx_word' id='word_1_34' title='bbox 1472 350 1509 392; x_wconf 89' lang='grc' dir='ltr'><em>δ’</em></span> 
     </span>
     <span class='ocr_line' id='line_1_9' title="bbox 163 420 1509 478; baseline -0.001 -14"><span class='ocrx_word' id='word_1_35' title='bbox 163 420 275 465; x_wconf 84' lang='grc' dir='ltr'><em>εἶναι</em></span> <span class='ocrx_word' id='word_1_36' title='bbox 301 422 478 478; x_wconf 83' lang='grc' dir='ltr'><em>χαλεπά,</em></span> <span class='ocrx_word' id='word_1_37' title='bbox 504 422 583 477; x_wconf 87' lang='grc' dir='ltr'><em>οὐχ</em></span> <span class='ocrx_word' id='word_1_38' title='bbox 612 421 678 463; x_wconf 83' lang='grc' dir='ltr'><em>ὄσ’</em></span> <span class='ocrx_word' id='word_1_39' title='bbox 703 422 757 463; x_wconf 78' lang='grc' dir='ltr'><em>ἂν</em></span> <span class='ocrx_word' id='word_1_40' title='bbox 785 424 844 471; x_wconf 86' lang='grc' dir='ltr'><em>εἰς</em></span> <span class='ocrx_word' id='word_1_41' title='bbox 872 424 1091 476; x_wconf 76' lang='grc' dir='ltr'><em>σωτηρίαν</em></span> <span class='ocrx_word' id='word_1_42' title='bbox 1118 423 1393 477; x_wconf 78' lang='grc' dir='ltr'><em>δαπανῶμεν,</em></span> <span class='ocrx_word' id='word_1_43' title='bbox 1418 421 1509 463; x_wconf 83' lang='grc' dir='ltr'><em>ἀλλ’</em></span> 
     </span>
     <span class='ocr_line' id='line_1_10' title="bbox 163 492 1517 548; baseline -0.001 -12"><span class='ocrx_word' id='word_1_44' title='bbox 163 494 188 536; x_wconf 77' lang='grc' dir='ltr'><em>ἃ</em></span> <span class='ocrx_word' id='word_1_45' title='bbox 215 495 476 548; x_wconf 76' lang='grc' dir='ltr'><em>πεισόμεθα,</em></span> <span class='ocrx_word' id='word_1_46' title='bbox 509 493 563 535; x_wconf 72' lang='grc' dir='ltr'><em>ἂν</em></span> <span class='ocrx_word' id='word_1_47' title='bbox 594 499 730 535; x_wconf 85' lang='grc' dir='ltr'><em>ταῦτα</em></span> <span class='ocrx_word' id='word_1_48' title='bbox 761 494 818 548; x_wconf 83' lang='grc' dir='ltr'><em>μὴ</em></span> <span class='ocrx_word' id='word_1_49' title='bbox 839 492 1059 545; x_wconf 76' lang='grc' dir='ltr'><em>’θέλωμεν</em></span> <span class='ocrx_word' id='word_1_50' title='bbox 1084 501 1246 535; x_wconf 88' lang='grc' dir='ltr'><em>ποιεῖν·</em></span> <span class='ocrx_word' id='word_1_51' title='bbox 1281 494 1352 534; x_wconf 77' lang='grc' dir='ltr'><em>καὶ</em></span> <span class='ocrx_word' id='word_1_52' title='bbox 1377 493 1426 535; x_wconf 91' lang='grc' dir='ltr'><em>τὸ</em></span> <span class='ocrx_word' id='word_1_53' title='bbox 1454 494 1517 535; x_wconf 85' lang='grc' dir='ltr'><em>δι-</em></span> 
     </span>
     <span class='ocr_line' id='line_1_11' title="bbox 163 563 1518 621; baseline -0.001 -15"><span class='ocrx_word' id='word_1_54' title='bbox 163 566 533 620; x_wconf 87' lang='grc' dir='ltr'><em>αρπασθήσεσθαι</em></span> <span class='ocrx_word' id='word_1_55' title='bbox 570 565 622 606; x_wconf 80' lang='grc' dir='ltr'><em>τὰ</em></span> <span class='ocrx_word' id='word_1_56' title='bbox 654 566 849 619; x_wconf 84' lang='grc' dir='ltr'><em>χρήματα</em></span> <span class='ocrx_word' id='word_1_57' title='bbox 875 569 934 621; x_wconf 80' lang='grc' dir='ltr'><em>τῷ</em></span> <span class='ocrx_word' id='word_1_58' title='bbox 968 565 1171 618; x_wconf 67' lang='grc' dir='ltr'><em>φυλακὴν</em></span> <span class='ocrx_word' id='word_1_59' title='bbox 1203 566 1342 606; x_wconf 80' lang='grc' dir='ltr'><em>εἰπεῖν</em></span> <span class='ocrx_word' id='word_1_60' title='bbox 1369 563 1424 606; x_wconf 84' lang='grc' dir='ltr'><em>δι’</em></span> <span class='ocrx_word' id='word_1_61' title='bbox 1462 564 1518 618; x_wconf 80' lang='grc' dir='ltr'><em>ἣν</em></span> 
     </span>
     <span class='ocr_line' id='line_1_12' title="bbox 164 635 1518 693; baseline -0.001 -15"><span class='ocrx_word' id='word_1_62' title='bbox 164 639 412 693; x_wconf 76' lang='grc' dir='ltr'><em>σωθήσεται</em></span> <span class='ocrx_word' id='word_1_63' title='bbox 432 636 631 689; x_wconf 76' lang='grc' dir='ltr'><em>κωλύειν,</em></span> <span class='ocrx_word' id='word_1_64' title='bbox 653 635 750 690; x_wconf 80' lang='grc' dir='ltr'><em>οὐχὶ</em></span> <span class='ocrx_word' id='word_1_65' title='bbox 770 641 830 693; x_wconf 80' lang='grc' dir='ltr'><em>τῷ</em></span> <span class='ocrx_word' id='word_1_66' title='bbox 844 641 922 677; x_wconf 85' lang='grc' dir='ltr'><em>τοῦ</em></span> <span class='ocrx_word' id='word_1_67' title='bbox 945 635 1247 689; x_wconf 71' lang='grc' dir='ltr'><em>συμφέροντος</em></span> <span class='ocrx_word' id='word_1_68' title='bbox 1263 635 1518 690; x_wconf 82' lang='grc' dir='ltr'><em>ἀφεστάναι.</em></span> 
     </span>
     <span class='ocr_line' id='line_1_13' title="bbox 163 703 1519 762; baseline -0.002 -13"><span class='ocrx_word' id='word_1_69' title='bbox 163 709 303 749; x_wconf 80' lang='grc' dir='ltr'><em>καίτοι</em></span> <span class='ocrx_word' id='word_1_70' title='bbox 336 704 461 761; x_wconf 78' lang='grc' dir='ltr'><em>ἔγωγ’</em></span> <span class='ocrx_word' id='word_1_71' title='bbox 500 706 728 761; x_wconf 69' lang='grc' dir='ltr'><em>ἀγανακτῶ</em></span> <span class='ocrx_word' id='word_1_72' title='bbox 761 707 832 748; x_wconf 78' lang='grc' dir='ltr'><em>καὶ</em></span> <span class='ocrx_word' id='word_1_73' title='bbox 865 706 971 747; x_wconf 82' lang='grc' dir='ltr'><em>αὐτὸ</em></span> <span class='ocrx_word' id='word_1_74' title='bbox 998 705 1116 747; x_wconf 77' lang='grc' dir='ltr'><em>τοῦτ’</em></span> <span class='ocrx_word' id='word_1_75' title='bbox 1156 703 1187 746; x_wconf 85' lang='grc' dir='ltr'>ὦ</span> <span class='ocrx_word' id='word_1_76' title='bbox 1216 706 1372 760; x_wconf 75' lang='grc' dir='ltr'><em>ἄνδρες</em></span> <span class='ocrx_word' id='word_1_77' title='bbox 1400 706 1519 762; x_wconf 68' lang='grc' dir='ltr'><em>Ἀθη-</em></span> 
     </span>
     <span class='ocr_line' id='line_1_14' title="bbox 164 776 1520 833; baseline -0.001 -13"><span class='ocrx_word' id='word_1_78' title='bbox 164 787 300 833; x_wconf 83' lang='grc' dir='ltr'><em>ναῖοι,</em></span> <span class='ocrx_word' id='word_1_79' title='bbox 333 780 369 820; x_wconf 82' lang='grc' dir='ltr'><em>εἰ</em></span> <span class='ocrx_word' id='word_1_80' title='bbox 401 779 454 819; x_wconf 82' lang='grc' dir='ltr'><em>τὰ</em></span> <span class='ocrx_word' id='word_1_81' title='bbox 485 778 565 830; x_wconf 79' lang='grc' dir='ltr'><em>μὲν</em></span> <span class='ocrx_word' id='word_1_82' title='bbox 596 780 792 833; x_wconf 82' lang='grc' dir='ltr'><em>χρήματα</em></span> <span class='ocrx_word' id='word_1_83' title='bbox 819 781 949 818; x_wconf 79' lang='grc' dir='ltr'><em>λυπεῖ</em></span> <span class='ocrx_word' id='word_1_84' title='bbox 977 793 1097 826; x_wconf 84' lang='grc' dir='ltr'><em>τινας</em></span> <span class='ocrx_word' id='word_1_85' title='bbox 1124 776 1248 829; x_wconf 83' lang='grc' dir='ltr'><em>ὑμῶν</em></span> <span class='ocrx_word' id='word_1_86' title='bbox 1274 778 1310 818; x_wconf 89' lang='grc' dir='ltr'><em>εἰ</em></span> <span class='ocrx_word' id='word_1_87' title='bbox 1338 777 1520 832; x_wconf 89' lang='grc' dir='ltr'><em>διαρπα-</em></span> 
     </span>
     <span class='ocr_line' id='line_1_15' title="bbox 165 847 1518 904; baseline -0.001 -13"><span class='ocrx_word' id='word_1_88' title='bbox 165 851 389 904; x_wconf 83' lang='grc' dir='ltr'><em>σθήσεται,</em></span> <span class='ocrx_word' id='word_1_89' title='bbox 416 849 441 890; x_wconf 78' lang='grc' dir='ltr'><em>ἃ</em></span> <span class='ocrx_word' id='word_1_90' title='bbox 467 849 539 890; x_wconf 76' lang='grc' dir='ltr'><em>καὶ</em></span> <span class='ocrx_word' id='word_1_91' title='bbox 567 849 806 903; x_wconf 60' lang='grc' dir='ltr'><em>φυλάττειν</em></span> <span class='ocrx_word' id='word_1_92' title='bbox 825 849 897 890; x_wconf 79' lang='grc' dir='ltr'><em>καὶ</em></span> <span class='ocrx_word' id='word_1_93' title='bbox 917 848 1114 899; x_wconf 78' lang='grc' dir='ltr'><em>κολάζειν</em></span> <span class='ocrx_word' id='word_1_94' title='bbox 1135 849 1236 897; x_wconf 84' lang='grc' dir='ltr'><em>τοὺς</em></span> <span class='ocrx_word' id='word_1_95' title='bbox 1258 847 1518 898; x_wconf 79' lang='grc' dir='ltr'><em>ἀδικοῦντας</em></span> 
     </span>
     <span class='ocr_line' id='line_1_16' title="bbox 166 917 1520 976; baseline -0.001 -14"><span class='ocrx_word' id='word_1_96' title='bbox 166 920 232 976; x_wconf 79' lang='grc' dir='ltr'><em>ἐφ’</em></span> <span class='ocrx_word' id='word_1_97' title='bbox 265 921 372 973; x_wconf 84' lang='grc' dir='ltr'><em>ὑμῖν</em></span> <span class='ocrx_word' id='word_1_98' title='bbox 399 919 530 974; x_wconf 80' lang='grc' dir='ltr'><em>ἐστιν,</em></span> <span class='ocrx_word' id='word_1_99' title='bbox 556 921 636 974; x_wconf 84' lang='grc' dir='ltr'><em>τὴν</em></span> <span class='ocrx_word' id='word_1_100' title='bbox 664 919 701 961; x_wconf 89' lang='grc' dir='ltr'><em>δ’</em></span> <span class='ocrx_word' id='word_1_101' title='bbox 728 917 916 961; x_wconf 82' lang='grc' dir='ltr'><em>Ἑλλάδα</em></span> <span class='ocrx_word' id='word_1_102' title='bbox 941 925 1086 960; x_wconf 82' lang='grc' dir='ltr'><em>πᾶσαν</em></span> <span class='ocrx_word' id='word_1_103' title='bbox 1113 919 1274 961; x_wconf 80' lang='grc' dir='ltr'><em>οὑτωσὶ</em></span> <span class='ocrx_word' id='word_1_104' title='bbox 1306 920 1520 969; x_wconf 86' lang='grc' dir='ltr'><em>Φίλιππος</em></span> 
     </span>
     <span class='ocr_line' id='line_1_17' title="bbox 166 989 1521 1046; baseline -0.001 -12"><span class='ocrx_word' id='word_1_105' title='bbox 166 991 319 1046; x_wconf 65' lang='grc' dir='ltr'><em>ἐφεξῆς</em></span> <span class='ocrx_word' id='word_1_106' title='bbox 346 991 548 1046; x_wconf 79' lang='grc' dir='ltr'><em>ἁρπάζων</em></span> <span class='ocrx_word' id='word_1_107' title='bbox 575 991 627 1033; x_wconf 84' lang='grc' dir='ltr'><em>οὐ</em></span> <span class='ocrx_word' id='word_1_108' title='bbox 655 995 795 1045; x_wconf 76' lang='grc' dir='ltr'><em>λυπεῖ,</em></span> <span class='ocrx_word' id='word_1_109' title='bbox 820 991 890 1032; x_wconf 79' lang='grc' dir='ltr'><em>καὶ</em></span> <span class='ocrx_word' id='word_1_110' title='bbox 916 989 1035 1032; x_wconf 80' lang='grc' dir='ltr'><em>ταῦτ’</em></span> <span class='ocrx_word' id='word_1_111' title='bbox 1069 989 1139 1045; x_wconf 72' lang='grc' dir='ltr'><em>ἐφ’</em></span> <span class='ocrx_word' id='word_1_112' title='bbox 1169 990 1279 1043; x_wconf 81' lang='grc' dir='ltr'><em>ὑμᾶς</em></span> <span class='ocrx_word' id='word_1_113' title='bbox 1307 989 1521 1045; x_wconf 78' lang='grc' dir='ltr'><em>ἁρπάζων.</em></span> 
     </span>
    </p>

    <p class='ocr_par' dir='ltr' id='par_1_7' title="bbox 166 1059 1527 2256">
     <span class='ocr_line' id='line_1_18' title="bbox 231 1059 1521 1116; baseline -0.001 -12"><span class='ocrx_word' id='word_1_114' title='bbox 231 1065 282 1105; x_wconf 88' lang='grc' dir='ltr'><em>Τί</em></span> <span class='ocrx_word' id='word_1_115' title='bbox 312 1061 404 1105; x_wconf 80' lang='grc' dir='ltr'><em>ποτ’</em></span> <span class='ocrx_word' id='word_1_116' title='bbox 450 1060 532 1104; x_wconf 83' lang='grc' dir='ltr'><em>οὖν</em></span> <span class='ocrx_word' id='word_1_117' title='bbox 565 1061 684 1104; x_wconf 76' lang='grc' dir='ltr'><em>ἐστιν</em></span> <span class='ocrx_word' id='word_1_118' title='bbox 716 1063 763 1104; x_wconf 88' lang='grc' dir='ltr'><em>τὸ</em></span> <span class='ocrx_word' id='word_1_119' title='bbox 797 1062 939 1104; x_wconf 84' lang='grc' dir='ltr'><em>αἴτιον</em></span> <span class='ocrx_word' id='word_1_120' title='bbox 977 1059 1009 1103; x_wconf 83' lang='grc' dir='ltr'><strong>ὦ</strong></span> <span class='ocrx_word' id='word_1_121' title='bbox 1043 1062 1199 1116; x_wconf 75' lang='grc' dir='ltr'><em>ἄνδρες</em></span> <span class='ocrx_word' id='word_1_122' title='bbox 1216 1059 1441 1116; x_wconf 83' lang='grc' dir='ltr'><em>Ἀθηναῖοι</em></span> <span class='ocrx_word' id='word_1_123' title='bbox 1472 1062 1521 1103; x_wconf 91' lang='grc' dir='ltr'><em>τὸ</em></span> 
     </span>
     <span class='ocr_line' id='line_1_19' title="bbox 166 1132 1522 1189; baseline -0.001 -13"><span class='ocrx_word' id='word_1_124' title='bbox 166 1135 244 1176; x_wconf 90' lang='grc' dir='ltr'><em>τὸν</em></span> <span class='ocrx_word' id='word_1_125' title='bbox 275 1135 354 1187; x_wconf 80' lang='grc' dir='ltr'><em>μὲν</em></span> <span class='ocrx_word' id='word_1_126' title='bbox 386 1134 500 1176; x_wconf 77' lang='grc' dir='ltr'><em>οὕτω</em></span> <span class='ocrx_word' id='word_1_127' title='bbox 528 1141 728 1189; x_wconf 72' lang='grc' dir='ltr'><em>φανερῶς</em></span> <span class='ocrx_word' id='word_1_128' title='bbox 756 1133 1067 1188; x_wconf 84' lang='grc' dir='ltr'><em>στρατεύοντα,</em></span> <span class='ocrx_word' id='word_1_129' title='bbox 1093 1132 1350 1188; x_wconf 83' lang='grc' dir='ltr'><em>ἀδικοῦντα,</em></span> <span class='ocrx_word' id='word_1_130' title='bbox 1374 1133 1522 1182; x_wconf 88' lang='grc' dir='ltr'><em>πόλεις</em></span> 
     </span>
     <span class='ocr_line' id='line_1_20' title="bbox 166 1202 1522 1259; baseline -0.001 -12"><span class='ocrx_word' id='word_1_131' title='bbox 166 1206 555 1259; x_wconf 79' lang='grc' dir='ltr'><em>καταλαμβάνοντα</em></span> <span class='ocrx_word' id='word_1_132' title='bbox 594 1205 759 1259; x_wconf 82' lang='grc' dir='ltr'><em>μηδένα</em></span> <span class='ocrx_word' id='word_1_133' title='bbox 791 1205 961 1246; x_wconf 87' lang='grc' dir='ltr'><em>τούτων</em></span> <span class='ocrx_word' id='word_1_134' title='bbox 998 1202 1160 1246; x_wconf 86' lang='grc' dir='ltr'><em>πώποτ’</em></span> <span class='ocrx_word' id='word_1_135' title='bbox 1199 1205 1338 1246; x_wconf 86' lang='grc' dir='ltr'><em>εἰπεῖν</em></span> <span class='ocrx_word' id='word_1_136' title='bbox 1363 1204 1420 1254; x_wconf 85' lang='grc' dir='ltr'><em>ὡς</em></span> <span class='ocrx_word' id='word_1_137' title='bbox 1445 1205 1522 1246; x_wconf 89' lang='grc' dir='ltr'><em>πό-</em></span> 
     </span>
     <span class='ocr_line' id='line_1_21' title="bbox 168 1275 1523 1331; baseline -0.001 -13"><span class='ocrx_word' id='word_1_138' title='bbox 168 1280 300 1329; x_wconf 85' lang='grc' dir='ltr'><em>λεμον</em></span> <span class='ocrx_word' id='word_1_139' title='bbox 322 1283 450 1331; x_wconf 83' lang='grc' dir='ltr'><em>ποιεῖ,</em></span> <span class='ocrx_word' id='word_1_140' title='bbox 469 1278 571 1326; x_wconf 86' lang='grc' dir='ltr'><em>τοὺς</em></span> <span class='ocrx_word' id='word_1_141' title='bbox 592 1277 640 1318; x_wconf 80' lang='grc' dir='ltr'><em>δὲ</em></span> <span class='ocrx_word' id='word_1_142' title='bbox 660 1277 716 1330; x_wconf 84' lang='grc' dir='ltr'><em>μὴ</em></span> <span class='ocrx_word' id='word_1_143' title='bbox 739 1275 985 1330; x_wconf 79' lang='grc' dir='ltr'><em>ἐπιτρέπειν</em></span> <span class='ocrx_word' id='word_1_144' title='bbox 1004 1275 1112 1329; x_wconf 78' lang='grc' dir='ltr'><em>μηδὲ</em></span> <span class='ocrx_word' id='word_1_145' title='bbox 1132 1277 1369 1329; x_wconf 81' lang='grc' dir='ltr'><em>προΐεσθαι</em></span> <span class='ocrx_word' id='word_1_146' title='bbox 1388 1281 1523 1316; x_wconf 89' lang='grc' dir='ltr'><em>ταῦτα</em></span> 
     </span>
     <span class='ocr_line' id='line_1_22' title="bbox 168 1347 1524 1402; baseline -0.001 -13"><span class='ocrx_word' id='word_1_147' title='bbox 168 1348 570 1402; x_wconf 82' lang='grc' dir='ltr'><em>συμβουλεύοντας,</em></span> <span class='ocrx_word' id='word_1_148' title='bbox 604 1348 787 1396; x_wconf 79' lang='grc' dir='ltr'><em>τούτους</em></span> <span class='ocrx_word' id='word_1_149' title='bbox 821 1347 900 1388; x_wconf 87' lang='grc' dir='ltr'><em>τὸν</em></span> <span class='ocrx_word' id='word_1_150' title='bbox 937 1347 1130 1399; x_wconf 89' lang='grc' dir='ltr'><em>πόλεμον</em></span> <span class='ocrx_word' id='word_1_151' title='bbox 1161 1348 1362 1400; x_wconf 82' lang='grc' dir='ltr'><em>ποιήσειν</em></span> <span class='ocrx_word' id='word_1_152' title='bbox 1387 1347 1524 1388; x_wconf 82' lang='grc' dir='ltr'><em>αἰτιᾶ-</em></span> 
     </span>
     <span class='ocr_line' id='line_1_23' title="bbox 169 1415 1524 1473; baseline -0.001 -13"><span class='ocrx_word' id='word_1_153' title='bbox 169 1423 295 1469; x_wconf 86' lang='grc' dir='ltr'><em>σθαι;</em></span> <span class='ocrx_word' id='word_1_154' title='bbox 335 1417 418 1473; x_wconf 75' lang='grc' dir='ltr'><em>ἐγὼ</em></span> <span class='ocrx_word' id='word_1_155' title='bbox 458 1418 637 1469; x_wconf 78' lang='grc' dir='ltr'><em>διδάξω·</em></span> <span class='ocrx_word' id='word_1_156' title='bbox 684 1419 749 1460; x_wconf 83' lang='grc' dir='ltr'><em>ὅτι</em></span> <span class='ocrx_word' id='word_1_157' title='bbox 786 1419 867 1472; x_wconf 77' lang='grc' dir='ltr'><em>τὴν</em></span> <span class='ocrx_word' id='word_1_158' title='bbox 906 1417 1043 1472; x_wconf 71' lang='grc' dir='ltr'><em>ὀργὴν</em></span> <span class='ocrx_word' id='word_1_159' title='bbox 1080 1418 1136 1471; x_wconf 69' lang='grc' dir='ltr'><em>ἣν</em></span> <span class='ocrx_word' id='word_1_160' title='bbox 1174 1418 1287 1467; x_wconf 82' lang='grc' dir='ltr'><em>εἰκός</em></span> <span class='ocrx_word' id='word_1_161' title='bbox 1326 1415 1417 1459; x_wconf 79' lang='grc' dir='ltr'><em>ἐστι</em></span> <span class='ocrx_word' id='word_1_162' title='bbox 1454 1432 1524 1471; x_wconf 74' lang='grc' dir='ltr'><em>γε-</em></span> 
     </span>
     <span class='ocr_line' id='line_1_24' title="bbox 168 1488 1524 1546; baseline -0.002 -14"><span class='ocrx_word' id='word_1_163' title='bbox 168 1490 327 1532; x_wconf 89' lang='grc' dir='ltr'><em>νέσθαι</em></span> <span class='ocrx_word' id='word_1_164' title='bbox 359 1488 456 1545; x_wconf 88' lang='grc' dir='ltr'><em>παρ’</em></span> <span class='ocrx_word' id='word_1_165' title='bbox 489 1490 613 1545; x_wconf 82' lang='grc' dir='ltr'><em>ὑμῖν,</em></span> <span class='ocrx_word' id='word_1_166' title='bbox 645 1491 700 1531; x_wconf 80' lang='grc' dir='ltr'><em>ἄν</em></span> <span class='ocrx_word' id='word_1_167' title='bbox 730 1506 771 1531; x_wconf 94' lang='grc' dir='ltr'><em>τι</em></span> <span class='ocrx_word' id='word_1_168' title='bbox 805 1492 1006 1542; x_wconf 83' lang='grc' dir='ltr'><em>λυπῆσθε</em></span> <span class='ocrx_word' id='word_1_169' title='bbox 1031 1495 1090 1546; x_wconf 80' lang='grc' dir='ltr'><em>τῷ</em></span> <span class='ocrx_word' id='word_1_170' title='bbox 1110 1488 1302 1544; x_wconf 79' lang='grc' dir='ltr'><em>πολέμῳ,</em></span> <span class='ocrx_word' id='word_1_171' title='bbox 1336 1490 1396 1538; x_wconf 87' lang='grc' dir='ltr'><em>εἷς</em></span> <span class='ocrx_word' id='word_1_172' title='bbox 1422 1490 1524 1538; x_wconf 89' lang='grc' dir='ltr'><em>τοὺς</em></span> 
     </span>
     <span class='ocr_line' id='line_1_25' title="bbox 168 1560 1523 1616; baseline -0.001 -13"><span class='ocrx_word' id='word_1_173' title='bbox 168 1562 277 1616; x_wconf 79' lang='grc' dir='ltr'><em>ὑπὲρ</em></span> <span class='ocrx_word' id='word_1_174' title='bbox 304 1562 429 1614; x_wconf 85' lang='grc' dir='ltr'><em>ὑμῶν</em></span> <span class='ocrx_word' id='word_1_175' title='bbox 456 1561 661 1616; x_wconf 72' lang='grc' dir='ltr'><em>λέγοντας</em></span> <span class='ocrx_word' id='word_1_176' title='bbox 687 1562 740 1603; x_wconf 82' lang='grc' dir='ltr'><em>τὰ</em></span> <span class='ocrx_word' id='word_1_177' title='bbox 765 1560 968 1615; x_wconf 85' lang='grc' dir='ltr'><em>βέλτιστα</em></span> <span class='ocrx_word' id='word_1_178' title='bbox 993 1560 1148 1614; x_wconf 80' lang='grc' dir='ltr'><em>τρέψαι</em></span> <span class='ocrx_word' id='word_1_179' title='bbox 1174 1560 1425 1614; x_wconf 88' lang='grc' dir='ltr'><em>βούλονται,</em></span> <span class='ocrx_word' id='word_1_180' title='bbox 1450 1560 1523 1601; x_wconf 84' lang='grc' dir='ltr'><em>ἵνα</em></span> 
     </span>
     <span class='ocr_line' id='line_1_26' title="bbox 169 1631 1524 1687; baseline -0.001 -13"><span class='ocrx_word' id='word_1_181' title='bbox 169 1633 351 1682; x_wconf 80' lang='grc' dir='ltr'><em>τούτους</em></span> <span class='ocrx_word' id='word_1_182' title='bbox 378 1635 566 1687; x_wconf 76' lang='grc' dir='ltr'><em>κρίνητε,</em></span> <span class='ocrx_word' id='word_1_183' title='bbox 591 1634 648 1687; x_wconf 84' lang='grc' dir='ltr'><em>μὴ</em></span> <span class='ocrx_word' id='word_1_184' title='bbox 677 1634 898 1674; x_wconf 86' lang='grc' dir='ltr'><em>Φίλιππον</em></span> <span class='ocrx_word' id='word_1_185' title='bbox 918 1631 1160 1685; x_wconf 82' lang='grc' dir='ltr'><em>ἀμύνησθε,</em></span> <span class='ocrx_word' id='word_1_186' title='bbox 1185 1631 1257 1672; x_wconf 79' lang='grc' dir='ltr'><em>καὶ</em></span> <span class='ocrx_word' id='word_1_187' title='bbox 1277 1638 1524 1685; x_wconf 76' lang='grc' dir='ltr'><em>κατηγορῶ-</em></span> 
     </span>
     <span class='ocr_line' id='line_1_27' title="bbox 171 1699 1525 1759; baseline -0.002 -13"><span class='ocrx_word' id='word_1_188' title='bbox 171 1715 243 1746; x_wconf 91' lang='grc' dir='ltr'><em>σιν</em></span> <span class='ocrx_word' id='word_1_189' title='bbox 269 1704 406 1758; x_wconf 75' lang='grc' dir='ltr'><em>αὐτοί,</em></span> <span class='ocrx_word' id='word_1_190' title='bbox 431 1705 488 1759; x_wconf 85' lang='grc' dir='ltr'><em>μὴ</em></span> <span class='ocrx_word' id='word_1_191' title='bbox 517 1705 644 1758; x_wconf 85' lang='grc' dir='ltr'><em>δίκην</em></span> <span class='ocrx_word' id='word_1_192' title='bbox 671 1705 808 1745; x_wconf 88' lang='grc' dir='ltr'><em>δῶσιν</em></span> <span class='ocrx_word' id='word_1_193' title='bbox 834 1700 896 1745; x_wconf 82' lang='grc' dir='ltr'><em>ὧν</em></span> <span class='ocrx_word' id='word_1_194' title='bbox 921 1708 1099 1744; x_wconf 83' lang='grc' dir='ltr'><em>ποιοῦσι</em></span> <span class='ocrx_word' id='word_1_195' title='bbox 1118 1708 1214 1744; x_wconf 84' lang='grc' dir='ltr'><em>νῦν.</em></span> <span class='ocrx_word' id='word_1_196' title='bbox 1234 1699 1349 1743; x_wconf 85' lang='grc' dir='ltr'><em>τοῦτ’</em></span> <span class='ocrx_word' id='word_1_197' title='bbox 1377 1701 1525 1751; x_wconf 82' lang='grc' dir='ltr'><em>αὐτοῖς</em></span> 
     </span>
     <span class='ocr_line' id='line_1_28' title="bbox 171 1774 1526 1829; baseline -0.001 -13"><span class='ocrx_word' id='word_1_198' title='bbox 171 1775 355 1816; x_wconf 79' lang='grc' dir='ltr'><em>δύναται</em></span> <span class='ocrx_word' id='word_1_199' title='bbox 381 1776 429 1816; x_wconf 92' lang='grc' dir='ltr'><em>τὸ</em></span> <span class='ocrx_word' id='word_1_200' title='bbox 458 1774 602 1829; x_wconf 75' lang='grc' dir='ltr'><em>λέγειν</em></span> <span class='ocrx_word' id='word_1_201' title='bbox 629 1775 684 1824; x_wconf 83' lang='grc' dir='ltr'><em>ὡς</em></span> <span class='ocrx_word' id='word_1_202' title='bbox 717 1775 800 1829; x_wconf 71' lang='grc' dir='ltr'><em>ἄρα</em></span> <span class='ocrx_word' id='word_1_203' title='bbox 826 1775 1064 1828; x_wconf 82' lang='grc' dir='ltr'><em>βούλονται</em></span> <span class='ocrx_word' id='word_1_204' title='bbox 1084 1774 1276 1825; x_wconf 88' lang='grc' dir='ltr'><em>πόλεμόν</em></span> <span class='ocrx_word' id='word_1_205' title='bbox 1296 1788 1410 1823; x_wconf 85' lang='grc' dir='ltr'><em>τινες</em></span> <span class='ocrx_word' id='word_1_206' title='bbox 1430 1787 1526 1815; x_wconf 92' lang='grc' dir='ltr'><em>ποι-</em></span> 
     </span>
     <span class='ocr_line' id='line_1_29' title="bbox 170 1835 1525 1900; baseline -0.001 -13"><span class='ocrx_word' id='word_1_207' title='bbox 170 1852 272 1899; x_wconf 74' lang='grc' dir='ltr'><em>ῆσαι</em></span> <span class='ocrx_word' id='word_1_208' title='bbox 293 1843 391 1900; x_wconf 82' lang='grc' dir='ltr'><em>παρ’</em></span> <span class='ocrx_word' id='word_1_209' title='bbox 418 1846 536 1899; x_wconf 83' lang='grc' dir='ltr'><em>ὑμῖν,</em></span> <span class='ocrx_word' id='word_1_210' title='bbox 556 1846 627 1887; x_wconf 80' lang='grc' dir='ltr'><em>καὶ</em></span> <span class='ocrx_word' id='word_1_211' title='bbox 647 1835 747 1899; x_wconf 80' lang='grc' dir='ltr'><em>περὶ</em></span> <span class='ocrx_word' id='word_1_212' title='bbox 765 1845 925 1887; x_wconf 76' lang='grc' dir='ltr'><em>τούτου</em></span> <span class='ocrx_word' id='word_1_213' title='bbox 947 1846 971 1899; x_wconf 81' lang='grc' dir='ltr'><em>ἡ</em></span> <span class='ocrx_word' id='word_1_214' title='bbox 994 1845 1243 1886; x_wconf 80' lang='grc' dir='ltr'><em>διαδικασία</em></span> <span class='ocrx_word' id='word_1_215' title='bbox 1264 1843 1372 1898; x_wconf 82' lang='grc' dir='ltr'><em>αὕτη</em></span> <span class='ocrx_word' id='word_1_216' title='bbox 1394 1843 1525 1886; x_wconf 77' lang='grc' dir='ltr'><em>ἐστίν.</em></span> 
     </span>
     <span class='ocr_line' id='line_1_30' title="bbox 173 1912 1519 1973; baseline -0.001 -15"><span class='ocrx_word' id='word_1_217' title='bbox 173 1917 255 1971; x_wconf 76' lang='grc' dir='ltr'><em>ἐγὼ</em></span> <span class='ocrx_word' id='word_1_218' title='bbox 284 1915 320 1958; x_wconf 85' lang='grc' dir='ltr'><em>δ’</em></span> <span class='ocrx_word' id='word_1_219' title='bbox 343 1912 446 1973; x_wconf 80' lang='grc' dir='ltr'><em>Ιοῖδ’</em></span> <span class='ocrx_word' id='word_1_220' title='bbox 474 1916 661 1971; x_wconf 76' lang='grc' dir='ltr'><em>ἀκριβῶς</em></span> <span class='ocrx_word' id='word_1_221' title='bbox 689 1917 767 1971; x_wconf 85' lang='grc' dir='ltr'><em>ὅτι,</em></span> <span class='ocrx_word' id='word_1_222' title='bbox 794 1916 845 1958; x_wconf 83' lang='grc' dir='ltr'><em>οὐ</em></span> <span class='ocrx_word' id='word_1_223' title='bbox 872 1916 1121 1971; x_wconf 75' lang='grc' dir='ltr'><em>γράψαντος</em></span> <span class='ocrx_word' id='word_1_224' title='bbox 1133 1912 1379 1969; x_wconf 82' lang='grc' dir='ltr'><em>Ἀθηναίων</em></span> <span class='ocrx_word' id='word_1_225' title='bbox 1399 1915 1519 1957; x_wconf 83' lang='grc' dir='ltr'><em>οὐδε-</em></span> 
     </span>
     <span class='ocr_line' id='line_1_31' title="bbox 171 1984 1525 2042; baseline -0.002 -12"><span class='ocrx_word' id='word_1_226' title='bbox 171 1990 246 2037; x_wconf 84' lang='grc' dir='ltr'><em>νός</em></span> <span class='ocrx_word' id='word_1_227' title='bbox 273 2002 338 2029; x_wconf 88' lang='grc' dir='ltr'><em>πω</em></span> <span class='ocrx_word' id='word_1_228' title='bbox 366 1989 570 2042; x_wconf 88' lang='grc' dir='ltr'><em>πόλεμον,</em></span> <span class='ocrx_word' id='word_1_229' title='bbox 595 1988 666 2029; x_wconf 76' lang='grc' dir='ltr'><em>καὶ</em></span> <span class='ocrx_word' id='word_1_230' title='bbox 694 1989 803 2029; x_wconf 71' lang='grc' dir='ltr'><em>ἄλλα</em></span> <span class='ocrx_word' id='word_1_231' title='bbox 828 1988 968 2029; x_wconf 80' lang='grc' dir='ltr'><em>πολλὰ</em></span> <span class='ocrx_word' id='word_1_232' title='bbox 994 1987 1207 2035; x_wconf 88' lang='grc' dir='ltr'><em>Φίλιππος</em></span> <span class='ocrx_word' id='word_1_233' title='bbox 1237 1984 1324 2041; x_wconf 79' lang='grc' dir='ltr'><em>ἔχει</em></span> <span class='ocrx_word' id='word_1_234' title='bbox 1343 1993 1432 2028; x_wconf 90' lang='grc' dir='ltr'><em>τῶν</em></span> <span class='ocrx_word' id='word_1_235' title='bbox 1450 1992 1525 2040; x_wconf 80' lang='grc' dir='ltr'><em>τῆς</em></span> 
     </span>
     <span class='ocr_line' id='line_1_32' title="bbox 172 2056 1526 2113; baseline -0.001 -13"><span class='ocrx_word' id='word_1_236' title='bbox 172 2060 336 2109; x_wconf 83' lang='grc' dir='ltr'><em>πόλεως</em></span> <span class='ocrx_word' id='word_1_237' title='bbox 363 2059 435 2100; x_wconf 77' lang='grc' dir='ltr'><em>καὶ</em></span> <span class='ocrx_word' id='word_1_238' title='bbox 460 2065 546 2100; x_wconf 86' lang='grc' dir='ltr'><em>νῦν</em></span> <span class='ocrx_word' id='word_1_239' title='bbox 573 2060 632 2108; x_wconf 86' lang='grc' dir='ltr'><em>εἰς</em></span> <span class='ocrx_word' id='word_1_240' title='bbox 660 2059 863 2113; x_wconf 87' lang='grc' dir='ltr'><em>Καρδίαν</em></span> <span class='ocrx_word' id='word_1_241' title='bbox 887 2057 1088 2111; x_wconf 74' lang='grc' dir='ltr'><em>πέπομφε</em></span> <span class='ocrx_word' id='word_1_242' title='bbox 1109 2058 1336 2111; x_wconf 81' lang='grc' dir='ltr'><em>βοήθειαν.</em></span> <span class='ocrx_word' id='word_1_243' title='bbox 1370 2058 1406 2098; x_wconf 86' lang='grc' dir='ltr'><em>εἰ</em></span> <span class='ocrx_word' id='word_1_244' title='bbox 1426 2056 1526 2110; x_wconf 87' lang='grc' dir='ltr'><em>μέν-</em></span> 
     </span>
     <span class='ocr_line' id='line_1_33' title="bbox 172 2127 1527 2184; baseline -0.002 -12"><span class='ocrx_word' id='word_1_245' title='bbox 172 2146 239 2172; x_wconf 92' lang='grc' dir='ltr'><em>τοι</em></span> <span class='ocrx_word' id='word_1_246' title='bbox 271 2127 508 2184; x_wconf 83' lang='grc' dir='ltr'><em>βουλόμεθ’</em></span> <span class='ocrx_word' id='word_1_247' title='bbox 540 2131 661 2184; x_wconf 78' lang='grc' dir='ltr'><em>ἡμεῖς</em></span> <span class='ocrx_word' id='word_1_248' title='bbox 693 2130 749 2184; x_wconf 82' lang='grc' dir='ltr'><em>μὴ</em></span> <span class='ocrx_word' id='word_1_249' title='bbox 782 2133 1122 2184; x_wconf 86' lang='grc' dir='ltr'><em>προσποιεῖσθαι</em></span> <span class='ocrx_word' id='word_1_250' title='bbox 1154 2131 1360 2180; x_wconf 86' lang='grc' dir='ltr'><em>πολεμεῖν</em></span> <span class='ocrx_word' id='word_1_251' title='bbox 1391 2127 1527 2169; x_wconf 83' lang='grc' dir='ltr'><em>αὐτὸν</em></span> 
     </span>
     <span class='ocr_line' id='line_1_34' title="bbox 174 2198 1527 2256; baseline -0.003 -13"><span class='ocrx_word' id='word_1_252' title='bbox 174 2199 302 2256; x_wconf 71' lang='grc' dir='ltr'><em>ἡμῖν,</em></span> <span class='ocrx_word' id='word_1_253' title='bbox 316 2200 604 2255; x_wconf 82' lang='grc' dir='ltr'><em>ἀνοητότατος</em></span> <span class='ocrx_word' id='word_1_254' title='bbox 630 2201 807 2242; x_wconf 82' lang='grc' dir='ltr'><em>πάντων</em></span> <span class='ocrx_word' id='word_1_255' title='bbox 835 2200 888 2241; x_wconf 80' lang='grc' dir='ltr'><em>ἂν</em></span> <span class='ocrx_word' id='word_1_256' title='bbox 910 2200 973 2253; x_wconf 86' lang='grc' dir='ltr'><em>εἴη</em></span> <span class='ocrx_word' id='word_1_257' title='bbox 995 2206 1082 2240; x_wconf 92' lang='grc' dir='ltr'><em>τῶν</em></span> <span class='ocrx_word' id='word_1_258' title='bbox 1103 2200 1245 2240; x_wconf 82' lang='grc' dir='ltr'><em>ὄντων</em></span> <span class='ocrx_word' id='word_1_259' title='bbox 1265 2198 1527 2253; x_wconf 84' lang='grc' dir='ltr'><em>ἀνθρώπων,</em></span> 
     </span>
    </p>
   </div>
   <div class='ocr_carea' id='block_1_7' title="bbox 1540 866 1573 892">
    <p class='ocr_par' dir='ltr' id='par_1_8' title="bbox 1540 866 1573 892">
     <span class='ocr_line' id='line_1_35' title="bbox 1540 866 1573 892; baseline -0.03 0"><span class='ocrx_word' id='word_1_260' title='bbox 1540 866 1573 892; x_wconf 88' lang='grc'><em>10</em></span> 
     </span>
    </p>
   </div>
   <div class='ocr_carea' id='block_1_8' title="bbox 1542 1221 1575 1248">
    <p class='ocr_par' dir='ltr' id='par_1_9' title="bbox 1542 1221 1575 1248">
     <span class='ocr_line' id='line_1_36' title="bbox 1542 1221 1575 1248; baseline 0.03 -1"><span class='ocrx_word' id='word_1_261' title='bbox 1542 1221 1575 1248; x_wconf 78' lang='lat'><em>15</em></span> 
     </span>
    </p>
   </div>
   <div class='ocr_carea' id='block_1_9' title="bbox 1543 1576 1578 1602">
    <p class='ocr_par' dir='ltr' id='par_1_10' title="bbox 1543 1576 1578 1602">
     <span class='ocr_line' id='line_1_37' title="bbox 1543 1576 1578 1602; baseline 0 0"><span class='ocrx_word' id='word_1_262' title='bbox 1543 1576 1578 1602; x_wconf 74' lang='lat'><em>30</em></span> 
     </span>
    </p>
   </div>
   <div class='ocr_carea' id='block_1_10' title="bbox 1545 1917 1622 2028">
    <p class='ocr_par' dir='ltr' id='par_1_11' title="bbox 1545 1917 1622 2028">
     <span class='ocr_line' id='line_1_38' title="bbox 1545 1917 1622 1954; baseline -0.026 0"><span class='ocrx_word' id='word_1_263' title='bbox 1545 1917 1622 1954; x_wconf 82' lang='lat'><em>104</em></span> 
     </span>
     <span class='ocr_line' id='line_1_39' title="bbox 1545 2002 1578 2028; baseline 0 0"><span class='ocrx_word' id='word_1_264' title='bbox 1545 2002 1578 2028; x_wconf 78' lang='lat'><em>26</em></span> 
     </span>
    </p>
   </div>
   <div class='ocr_carea' id='block_1_11' title="bbox 103 2269 1582 2327">
    <p class='ocr_par' dir='ltr' id='par_1_12' title="bbox 103 2269 1582 2327">
     <span class='ocr_line' id='line_1_40' title="bbox 103 2269 1582 2327; baseline -0.001 -13"><span class='ocrx_word' id='word_1_265' title='bbox 103 2284 147 2315; x_wconf 80' lang='grc'><em>59</em></span> <span class='ocrx_word' id='word_1_266' title='bbox 177 2274 212 2314; x_wconf 82' lang='grc' dir='ltr'><em>εἰ</em></span> <span class='ocrx_word' id='word_1_267' title='bbox 241 2279 346 2314; x_wconf 88' lang='grc' dir='ltr'><em>τοῦτ</em></span> <span class='ocrx_word' id='word_1_268' title='bbox 391 2271 616 2327; x_wconf 75' lang='grc' dir='ltr'><em>ἐξελέγχοι.</em></span> <span class='ocrx_word' id='word_1_269' title='bbox 656 2269 747 2313; x_wconf 83' lang='grc' dir='ltr'><em>ἀλλ’</em></span> <span class='ocrx_word' id='word_1_270' title='bbox 789 2270 966 2313; x_wconf 76' lang='grc' dir='ltr'><em>ἐπειδὰν</em></span> <span class='ocrx_word' id='word_1_271' title='bbox 993 2269 1057 2312; x_wconf 76' lang='grc' dir='ltr'><em>ἐπ’</em></span> <span class='ocrx_word' id='word_1_272' title='bbox 1089 2270 1248 2319; x_wconf 87' lang='grc' dir='ltr'><em>αὐτοὺς</em></span> <span class='ocrx_word' id='word_1_273' title='bbox 1274 2271 1382 2324; x_wconf 77' lang='grc' dir='ltr'><em>ἡμᾶς</em></span> <span class='ocrx_word' id='word_1_274' title='bbox 1408 2270 1464 2327; x_wconf 82' lang='grc' dir='ltr'><em>ἰ’ῃ,</em></span> <span class='ocrx_word' id='word_1_275' title='bbox 1487 2271 1531 2311; x_wconf 92' lang='grc' dir='ltr'><em>τί</em></span> <span class='ocrx_word' id='word_1_276' title='bbox 1548 2286 1582 2312; x_wconf 76' lang='lat' dir='ltr'><em>so</em></span> 
     </span>
    </p>
   </div>
   <div class='ocr_carea' id='block_1_12' title="bbox 1676 18 1683 877">
    <p class='ocr_par' dir='ltr' id='par_1_13' title="bbox 1676 18 1683 877">
     <span class='ocr_line' id='line_1_41' title="bbox 1676 18 1683 877; baseline 0 0"><span class='ocrx_word' id='word_1_277' title='bbox 1676 18 1683 877; x_wconf 95' lang='lat' dir='ltr'><em> </em></span> 
     </span>
    </p>
   </div>
  </div>
 </body>
</html>
