1689 2531
195 50 277 91 136
435 51 809 85 ΔΗΜΟΣΘΕΝΟΤΣ
833 53 960 84 ΚΑΤΑ
986 52 1239 85 ΦΙΛΙΠΠΟΤ
1264 55 1294 85 Δ
1497 54 1538 97 [x

48 159 88 183 Pr
74 165 126 183 roo
130 165 183 183 em
193 158 339 199 σομαι·
365 147 437 188 καὶ
462 147 545 201 γὰρ
578 146 631 188 οὐ
658 148 802 201 λόγων
828 145 974 189 ἐνδεία
998 163 1072 200 μοι
1099 147 1218 189 δοκεῖ
1242 148 1295 189 τὰ
1319 147 1533 202 πράγματ’

67 194 158 218 XVII

121 868 162 898 76

192 218 292 259 ούτε
322 223 408 259 νῦν
440 216 530 259 οὔτ’
563 219 716 259 άλλοτε
741 218 914 259 πώποτε
947 190 1125 272 φαύλως
1151 216 1278 273 ἔχειν,
1308 216 1401 260 ἀλλ’
1433 219 1537 261 ὅταν

189 287 315 329 πάντ’
347 287 611 338 ἀκούσαντες
637 289 757 341 ὑμεῖς
789 289 842 330 τὰ
873 287 1029 330 δέοντα
1054 289 1126 330 καὶ
1152 288 1456 343 ὁμογνώμονες
1483 290 1537 339 ὡς

191 359 337 413 ὀρθῶς
364 359 533 413 λέγεται
559 360 800 414 γενόμενοι,
825 367 914 401 τῶν
940 360 1232 412 λυμαίνεσθαι
1252 360 1323 401 καὶ
1344 359 1538 415 διαστρέ-

191 446 292 485 φειν
330 436 465 472 ταῦτα
502 429 787 484 βουλομένων
825 428 867 480 ἐξ
901 430 999 472 ἴσου
1031 428 1224 484 κάθησθ’
1255 430 1536 486 ἀκροώμενοι,

191 501 271 543 οὐκ
302 500 567 555 ἀγνοοῦντες
599 501 759 551 αὐτούς
792 500 903 557 (ἴστε
940 501 1022 556 γὰρ
1057 502 1194 551 εὐθὺς
1227 502 1394 552 ἰδόντες
1420 501 1538 557 ἄκρι-

189 575 289 627 βῶς,
313 573 377 622 τίς
402 576 569 624 μισθοῦ
597 571 711 626 λέγει
737 572 808 614 καὶ
835 572 936 627 [τίς]
963 571 1072 626 ὑπὲρ
1100 573 1321 614 Φιλίππου
1341 573 1538 615 πολιτεύ-

191 659 294 698 εται,
319 643 389 684 καὶ
415 644 479 693 τίς
506 643 562 693 ὡς
589 642 764 698 ἀληθῶς
797 643 906 698 ὑπὲρ
934 651 1022 685 τῶν
1052 643 1324 699 βελτίστων),
1350 642 1441 685 ἀλλ’
1472 643 1533 685 ἵν’

190 713 488 767 αἰτιασάμενοι
514 715 696 764 τούτους
723 715 794 756 καὶ
820 715 869 757 τὸ
895 712 1054 769 πρᾶγμ’
1075 716 1135 764 εἰς
1161 715 1327 769 γέλωτα
1352 715 1423 756 καὶ
1449 718 1539 756 λοι-

191 786 346 840 δορίαν
384 783 642 840 ἐμβαλόντες
679 786 816 840 μηδὲν
855 786 980 828 αὐτοὶ
1017 793 1105 828 τῶν
1149 786 1340 828 δεόντων
1376 792 1537 840 ποιῆτε.

190 854 308 898 ταῦτ’
341 854 432 898 ἐστὶ
452 855 636 911 τάληθῆ,
661 857 766 910 μετὰ
786 858 924 911 πάσης
944 858 1198 912 παρρησίας,
1224 856 1367 907 ἁπλῶς
1388 857 1539 914 εὐνοίᾳ

189 928 241 969 τὰ
275 926 460 981 βέλτιστ’
494 927 714 983 εἰρημένα,
746 928 798 970 οὐ
833 930 1036 985 κολακείᾳ
1072 928 1236 982 βλάβης
1271 928 1341 969 καὶ
1376 927 1538 982 ἀπάτης

191 1000 318 1053 λόγος
338 1000 504 1054 μεστός,
525 998 738 1054 ἀργύριον
758 1004 816 1056 τῷ
838 998 1009 1053 λέγοντι
1029 1000 1237 1054 ποιήσων,
1263 1000 1314 1040 τὰ
1335 999 1383 1040 δὲ
1402 999 1538 1054 πράγ-

189 1085 300 1122 ματα
332 1076 405 1123 τῆς
437 1070 602 1119 πόλεως
640 1076 730 1119 τοῖς
770 1068 945 1124 ἐχθροῖς
984 1068 1220 1125 ἐγχειριῶν.
1263 1069 1289 1123 ἣ
1317 1066 1399 1111 οὖν
1429 1085 1538 1112 παυ-

1559 801 1592 827 10

191 1140 318 1182 στεόν
343 1141 512 1182 τούτων
536 1148 625 1182 τῶν
652 1138 789 1195 ἐθῶν,
819 1140 844 1194 ἢ
871 1139 1021 1195 μηδέν’
1052 1141 1187 1183 ἄλλον
1217 1140 1434 1183 αἰτιατέον
1458 1147 1537 1183 τοῦ
1557 1155 1591 1182 15

189 1211 330 1253 πάντα
357 1212 534 1266 φαύλως
560 1209 675 1266 ἔχειν
700 1211 725 1265 ἢ
753 1211 862 1264 ὑμᾶς
889 1211 1058 1262 αὐτούς.
