1689 2531
104 62 194 106 vm]
442 62 558 94 ΠΕΡΙ
582 60 680 93 ΤΩΝ
707 61 772 93 EN
797 60 1110 93 ΧΕΡΡΟΝΗΣῼΙ
1396 60 1452 101 85

164 157 242 211 Mo)
274 157 429 198 τοίνυν
461 155 650 210 ἀγνοεῖτ’
687 153 719 197 ὦ
753 156 909 210 ἄνδρες
933 154 1170 210 Ἀθηναῖοι,
1203 156 1268 198 ὅτι
1299 156 1370 197 καὶ
1401 157 1454 198 τὰ
1482 168 1524 199 13

103 233 190 269 νῦν
220 227 355 269 τᾶλλα
387 226 466 279 μέν
499 225 590 268 ε’στι
622 227 745 281 λόγοι
779 233 915 268 ταῦτα
940 226 1011 268 καὶ
1037 226 1292 281 προφάσεις,
1322 227 1456 281 πράτ-

103 313 221 340 τεται
247 299 295 340 δὲ
321 298 392 339 καὶ
418 297 776 349 κατασκευάζεται
796 303 940 352 τοῦτο,
965 297 1080 347 ὅπως
1099 297 1223 350 ὑμῶν
1242 297 1323 349 μὲν
1342 298 1455 339 οἴκοι

102 369 346 423 μενόντων,
376 366 456 419 ἔξω
490 368 538 410 δὲ
569 369 778 422 μηδεμιᾶς
811 368 943 422 οὔσης
975 375 1026 424 τῇ
1058 369 1183 410 πόλει
1216 368 1454 423 δυνάμεως,

16 436 17 441 ’
68 455 83 481 5
102 439 208 492 μετὰ
238 440 441 494 πλείστης
473 439 653 494 ἡσυχίας
687 438 850 481 ἅπανθ’
892 439 972 481 ὅσα
1004 439 1209 493 βούλεται
1240 440 1455 489 Φίλιππος

16 498 17 510 ³
103 510 380 564 διοικήσεται.
411 514 619 564 θεωρεῖτε
650 511 733 564 γὰρ
760 513 808 552 τὸ
829 511 971 563 παρὸν
991 517 1178 564 πρῶτον,
1204 509 1226 551 ὃ
1247 511 1454 564 γίγνεται.

101 580 204 622 νυνὶ
231 581 422 633 δύναμιν
446 581 639 635 μεγάλην
665 579 828 630 ἐκεῖνος
855 579 966 636 ἔχων
993 580 1041 622 ἐν
1070 579 1218 638 Θρᾴκῃ
1240 581 1454 635 διατρίβει
1482 593 1526 624 14

101 652 173 693 καὶ
207 651 525 704 μεταπέμπεται
559 653 745 707 πολλήν,
780 652 836 702 ὥς
872 663 1010 706 φασιν
1042 653 1083 694 οἱ
1109 653 1334 706 παρόντες,
1369 651 1452 693 ἀπὸ

12 777 13 782 1
102 722 383 772 Μακεδονίας
420 723 492 763 καὶ
534 724 778 772 Θετταλίας.
823 721 899 764 ἐὰν
944 719 1026 764 οὖν
1062 723 1313 776 περιμείνας
1351 724 1454 772 τοὺς

6 820 10 831 ψ,
48 809 81 835 10
102 792 271 847 ἐτησίας
299 792 367 834 ε”πὶ
393 793 636 844 Βυζάντιον
663 792 809 834 ἐλθὼν
834 797 1058 849 πολιορκῇ,
1084 800 1259 847 πρῶτον
1284 794 1365 844 μὲν
1391 793 1454 835 οἴ-

101 868 206 906 εσθε
236 865 338 913 τοὺς
364 865 631 915 Βυζαντίους
662 871 811 916 μενεῖν
843 863 911 905 ἐπὶ
937 871 1011 918 τῆς
1044 863 1193 913 ἀνοίας
1219 870 1293 918 τῆς
1321 864 1453 917 αὐτῆς

100 936 244 990 ὥσπερ
270 941 369 988 νῦν,
395 935 466 976 καὶ
492 936 592 977 οὔτε
618 938 886 989 παρακαλεῖν
911 936 1021 987 ὑμᾶς
1048 935 1149 977 οὔτε
1168 937 1356 989 βοηθεῖν
1377 935 1453 976 αὑ-

99 1013 189 1056 τοῖς
215 1005 436 1057 ἀξιώσεινς
463 1004 545 1059 ἐγὼ
572 1006 652 1058 μὲν
678 1006 757 1048 οὐκ
779 1007 936 1060 οἴομαι,
962 1006 1070 1048 ἀλλὰ
1090 1007 1161 1047 καὶ
1182 1006 1222 1047 εἴ
1240 1017 1327 1047 τισι
1347 1009 1452 1058 μᾶλ-
1480 1018 1522 1049 15

101 1081 180 1119 λον
199 1077 461 1119 ἀπιστοῦσιν
479 1076 504 1131 ἢ
520 1077 636 1131 ἡμῖν,
661 1077 732 1118 καὶ
747 1077 930 1127 τούτους
951 1078 1271 1132 εἰσφρήσεσθαι
1285 1080 1453 1129 μᾶλλον

5 1164 7 1166 ’
48 1165 80 1191 15
100 1147 288 1205 ἢ’κείνῳ
309 1148 588 1202 παραδώσειν
607 1149 688 1202 τὴν
707 1149 850 1202 πόλιν,
876 1149 931 1189 ἄν
950 1162 1029 1202 περ
1051 1149 1107 1202 μὴ
1129 1147 1283 1205 φθάσῃ
1305 1148 1453 1201 λαβὼν

100 1219 271 1268 αὐτούς.
310 1218 475 1261 οὐκοῦν
505 1219 629 1273 ἡμῶν
660 1219 740 1271 μὲν
772 1221 828 1272 μὴ
856 1219 1115 1271 δυναμένων
1142 1217 1316 1260 ἐνθένδ’
1349 1218 1453 1260 ἀνα-

99 1294 296 1345 πλεῦσαι,
322 1288 410 1332 ἐκεῖ
435 1290 482 1331 δὲ
507 1291 715 1344 μηδεμιᾶς
736 1290 1015 1345 ὑπαρχούσης
1036 1289 1210 1342 ἑτοίμου
1231 1291 1453 1344 βοηθείας,

100 1360 232 1403 οὐδὲν
258 1361 417 1410 αὐτοὺς
444 1360 716 1403 ἀπολωλέναι
736 1362 934 1403 κωλύσει.
966 1362 1045 1415 ,,νὴ
1066 1363 1168 1415 Δία,
1194 1361 1453 1413 κακοδαιμο-
1482 1373 1524 1402 1ss

99 1439 208 1474 νῶσι
234 1432 316 1485 γὰρ
344 1432 573 1486 ἄνθρωποι
594 1433 665 1473 καὶ
686 1432 1039 1486 ὑπερβάλλουσιν
1060 1431 1223 1489 ἀνοίᾳ.“
1255 1432 1371 1473 πάνυ
1393 1447 1455 1486 γε,

47 1520 80 1545 20
100 1502 190 1544 ἀλλ’
225 1503 337 1555 ὅμως
364 1503 523 1552 αὐτοὺς
550 1504 617 1545 δεῖ
643 1511 727 1552 σῶς
749 1500 879 1545 εἶναι·
906 1503 1119 1557 συμφέρει
1140 1504 1222 1556 γὰρ
1244 1510 1295 1557 τῇ
1315 1504 1451 1545 πόλει.

102 1574 174 1615 καὶ
199 1575 286 1628 μὴν
311 1573 407 1615 οὐδ’
438 1572 578 1616 ἐκεῖνό
605 1590 653 1627 γε
681 1575 816 1627 δῆλόν
843 1573 962 1615 ἐστιν
981 1575 1098 1628 ἡμῖν,
1123 1574 1179 1623 ὡς
1201 1572 1269 1615 ἐπὶ
1291 1574 1454 1627 Χερρό-

99 1655 238 1698 νησον
270 1644 349 1699 οὐχ
375 1643 484 1699 ἥξει·
516 1644 608 1686 ἀλλ’
642 1644 720 1699 εἴγ’
754 1644 799 1686 ἐκ
825 1651 898 1698 τῆς
926 1643 1152 1699 ἐπιστολῆς
1181 1645 1248 1686 δεῖ
1274 1651 1454 1686 σκοπεῖν

99 1712 148 1769 ἧς
173 1712 335 1767 ἔπεμψε
361 1716 469 1768 πρὸς
494 1716 623 1770 ὑμᾶς,
659 1715 927 1768 ἀμυνεῖσθαί
952 1727 1060 1770 φησι
1085 1718 1187 1765 τοὺς
1215 1714 1262 1757 ἐν
1287 1718 1452 1769 Χερρο-

98 1787 230 1842 νήσῳ.
263 1785 317 1827 ἂν
343 1786 422 1838 μὲν
447 1788 602 1828 τοίνυν
628 1781 653 1844 ᾗ
674 1788 722 1827 τὸ
745 1788 1007 1840 συνεστηκὸς
1029 1787 1285 1841 στράτευμα,
1311 1787 1381 1827 καὶ
1402 1792 1453 1841 τῇ
1482 1798 1523 1827 17

7 1872 13 1882 ¹
46 1873 79 1899 25
99 1857 218 1914 χώρᾳ
250 1855 255 1913 l
290 1860 509 1911 βοηθῆσαι
543 1858 777 1911 δυνήσεται
809 1857 881 1898 καὶ
912 1865 999 1899 τῶν
1032 1856 1201 1899 ἐκείνου
1241 1873 1281 1898 τι
1314 1864 1452 1906 κακῶς

100 1933 294 1981 ποιῆσαι·
328 1929 363 1969 εἰ
391 1926 428 1969 δ’
462 1927 570 1978 ἅπαξ
599 1929 927 1983 διαλυθήσεται,
952 1930 995 1970 τί
1019 1930 1277 1982 ποιήσομεν,
1304 1927 1357 1969 ἂν
1384 1926 1452 1968 ἐπὶ

99 1999 385 2052 Χερρόνησον
411 1998 472 2055 ἴῃ;
498 2005 760 2052 ,,κρινοῦμεν
786 2000 1038 2052 Διοπείθην
1070 2000 1124 2053 νὴ
1151 1999 1276 2040 Διά.“
1314 2000 1385 2039 καὶ
1411 1999 1455 2038 τί

99 2069 152 2109 τὰ
177 2067 389 2122 πράγματ’
422 2067 540 2110 ἔσται
567 2071 740 2123 βελτίω;
766 2067 881 2123 ,,ἀλλ’
923 2067 1098 2111 ἐνθένδ’
1131 2069 1185 2110 ἂν
1212 2071 1453 2123 βοηθήσαι-

100 2155 180 2191 μεν
212 2139 373 2181 αὐτοί.“
418 2139 472 2181 ἂν
499 2138 535 2181 δ’
574 2140 658 2182 ὑπὸ
692 2147 780 2181 τῶν
811 2140 1072 2192 πνευμάτων
1106 2141 1162 2194 μη
1197 2140 1452 2191 ὁυνώμεθα;

47 2227 81 2252 ao
101 2209 234 2264 „duee
260 2211 318 2262 μὰ
344 2208 416 2252 Δί’
450 2211 528 2265 οὐχ
555 2210 682 2264 ἤξει.“
714 2211 784 2252 καὶ
816 2213 879 2261 τίς
913 2210 1123 2266 ἐγγυητής
1156 2210 1246 2252 ἐστι
1273 2211 1451 2256 τούτους
