1689 2531
107 105 165 149 IX]
550 105 677 136 ΚΑΤΑ
702 103 954 137 ΦΙΛΙΠΠΟΤ
978 105 1008 136 Γ
1370 104 1450 144 111

107 200 345 254 κάσασθαι,
377 198 457 242 ἀλλ’
489 201 624 255 εὐαγὲς
659 194 682 258 ᾖ
708 202 749 242 τὸ
782 201 1019 251 ἀποκτεῖναι,
1050 199 1146 253 „noel
1172 199 1345 252 ἄτιμοςιι
1371 215 1454 254 φη-

109 270 181 312 σὶν
198 271 455 325 ,,τεθνάτω“.
486 277 616 313 τοῦτο
637 272 690 325 δὴ
712 270 838 325 λέγει,
863 271 1062 325 καθαρὸν
1081 271 1159 312 τὸν
1179 270 1347 312 τούτων
1366 267 1447 312 τιν’

107 340 405 383 ἀποκτείναντ’
437 337 559 383 εἶναι.
592 341 758 383 οὐκοῦν
783 340 981 394 ἐνόμιζον
1001 339 1158 383 ἐκεῖνοι
1184 347 1258 395 τῆς
1278 341 1455 384 πάντων

105 419 193 454 τῶν
224 410 446 466 Ἑλλήνων
484 414 695 467 σωτηρίας
734 413 879 462 αὑτοῖς
915 410 1194 466 ἐπιμελητέον
1232 408 1361 454 εἶναι·
1400 412 1452 454 οὐ

70 500 86 526 5
107 484 188 538 γὰρ
215 482 270 525 ἂν
295 483 442 533 αὐτοῖς
463 482 613 537 ἔμελεν
635 484 754 533 εἴτις
776 482 822 525 ἐν
844 485 1170 540 Πελοποννήσῳ
1190 484 1311 533 τινὰς
1332 483 1454 525 ὠνεῖ-

105 569 175 596 ται
199 555 271 596 καὶ
297 555 562 610 διαφθείρει,
586 555 642 610 μὴ
663 554 790 596 τοῦθ’
815 554 1223 608 ὑπολαμβάνουσιν·
1250 553 1454 605 ἐκόλαζον

106 623 145 666 δ’
176 624 289 666 οὕτω
321 626 392 667 καὶ
419 624 708 680 ἐτιμωροῦνθ’
741 625 817 675 οὓς
842 625 1091 680 αἴσθοιντο,
1122 625 1234 667 ὥστε
1257 626 1329 667 καὶ
1356 637 1454 679 στη-

106 695 224 745 λίτας
249 703 402 738 ποιεῖν.
436 695 482 738 ἐκ
508 697 556 738 δὲ
581 697 749 738 τούτων
775 698 948 746 εἰκότως
973 696 1026 738 τὰ
1050 694 1375 750 τῶνἙλλήνων
1399 694 1455 750 ἧν

105 770 164 823 τῷ
183 766 394 823 βαρβάρῳ
416 767 597 822 φοβερά,
622 767 701 822 οὐχ
723 767 744 809 ὁ
765 767 985 821 βάρβαρος
1005 774 1094 817 τοῖς
1106 765 1324 821 Ἕλλησιν.
1357 765 1448 809 ἀλλ’

56 854 89 879 10
109 836 161 878 οὐ
186 843 289 879 νῦν·
315 837 368 880 οὐ
394 839 477 893 γὰρ
505 838 641 888 οὕτως
668 837 784 893 ἔχεθ’
815 838 936 891 ὑμεῖς
963 839 1063 880 οὔτε
1088 838 1196 893 πρὸς
1215 838 1268 879 τὰ
1287 837 1448 880 τοιαῦτ’

108 909 208 950 οὔτε
240 910 347 964 πρὸς
382 911 535 964 τᾶλλα,
568 908 676 950 ἀλλὰ
708 916 816 959 πῶς;
851 907 922 950 ἴστ’
952 911 1079 951 αὐτοί·
1112 913 1150 950 τί
1177 911 1250 964 γὰρ
1283 912 1346 950 δεῖ
1370 911 1456 962 περὶ

108 976 267 1015 πάντων
299 976 409 1027 ὑμῶν
440 981 689 1030 κατηγορεῖνς
720 979 998 1028 παραπλησίως
1029 976 1069 1016 δὲ
1095 977 1161 1017 καὶ
1194 976 1310 1017 οὐδὲν
1336 977 1457 1028 βέλτι-

41 1040 90 1075 23
110 1056 156 1080 ον
172 1038 176 1093 Ι
193 1041 303 1092 ὑμῶν
329 1041 393 1080 καὶ
424 1039 567 1088 πάντες
593 1043 634 1081 οἱ
655 1041 784 1081 λοιποὶ
799 1040 1005 1092 ’Έλληνες
1038 1042 1170 1094 διόπερ
1204 1038 1302 1093 φήμ’
1340 1042 1456 1094 ἔγωγε

109 1105 174 1145 καὶ
210 1107 386 1158 σπουδῆς
412 1110 558 1158 πολλῆς
589 1107 654 1146 καὶ
688 1109 833 1159 βουλῆς
867 1106 1023 1159 ἀγαθῆς
1057 1107 1101 1146 τὰ
1127 1108 1302 1159 παρόντα
1335 1107 1455 1159 πράγ-

57 1183 90 1210 15
110 1187 210 1221 ματα
229 1172 499 1223 προσδεῖσθαι.
531 1172 652 1223 τίνος,
679 1169 782 1211 εἴπω
798 1170 1010 1220 κελεύετε;
1036 1170 1107 1211 καὶ
1122 1169 1201 1211 οὐκ
1216 1169 1457 1223 ὀργιεῖσθε;

302 1321 378 1364 [ΕΚ
402 1321 501 1354 TOT
528 1322 876 1354 PPAMMATEIOT
902 1321 1281 1366 ΑΝΑΓΙΓΝῼΣΚΕΙ]

155 1401 278 1446 ’Ἐστι
303 1406 458 1446 τοίνυν
492 1420 555 1454 τις
583 1405 747 1459 εὐήθης
774 1406 901 1459 λόγος
933 1405 1049 1459 παρὰ
1074 1412 1162 1447 τῶν
1188 1409 1458 1459 παραμυθεῖ-

108 1479 214 1517 σθαι
235 1475 518 1529 βουλομένων
538 1477 618 1530 τὴν
638 1477 779 1530 πόλιν,
800 1477 854 1526 ὡς
878 1474 944 1529 ἄρ’
965 1476 1083 1517 οὔπω
1104 1477 1318 1525 Φίλιππός
1340 1474 1458 1518 ἐστιν

108 1539 196 1587 οἷοί
225 1544 318 1588 ποτ’
350 1544 462 1600 ἦσαν
494 1548 850 1599 Λακεδαιμόνιοι,
891 1549 934 1589 οἳ
964 1547 1181 1601 θαλάττης
1213 1547 1292 1599 μὲν
1323 1544 1458 1602 ἦρχον

54 1630 88 1656 20
108 1617 179 1658 καὶ
211 1624 289 1671 γῆς
321 1616 507 1672 ἁπάσης,
538 1618 718 1671 βασιλέα
751 1618 799 1659 δὲ
825 1618 1051 1672 σύμμαχον
1078 1613 1214 1672 εἶχον,
1245 1618 1458 1671 ὑφίστατο

107 1686 154 1728 δ’
181 1687 314 1729 οὐδὲν
341 1688 517 1738 αὐτούς·
552 1688 644 1729 ἀλλ’
678 1689 790 1740 ὅμως
816 1688 1010 1741 ἠμύνατο
1037 1687 1263 1737 κάκείνους
1289 1688 1458 1741 ἡπόλις

104 1758 178 1799 καὶ
219 1758 300 1800 οὐκ
338 1758 615 1813 ἀνηρπάσθη.
660 1758 741 1812 ἐγὼ
782 1757 819 1800 δ’
864 1758 1068 1800 ἁπάντων
1100 1759 1156 1808 ὡς
1189 1756 1288 1808 ἔπος
1322 1761 1459 1800 εἰπεῖν

105 1830 272 1883 πολλὴν
293 1830 537 1884 εἰληφότων
560 1828 758 1871 ἐπίδοσιν
778 1830 849 1870 καὶ
870 1829 1004 1871 οὐδὲν
1025 1829 1188 1881 ὁμοίων
1210 1831 1351 1871 ὄντων
1371 1837 1459 1871 τῶν

105 1906 190 1942 νῦν
214 1907 304 1949 τοῖς
330 1902 556 1955 πρότερον,
582 1901 714 1942 οὐδὲν
740 1901 927 1954 ἡγοῦμαι
955 1899 1090 1942 πλέον
1115 1900 1140 1954 ἢ
1161 1901 1213 1941 τὰ
1234 1906 1313 1941 τοῦ
1334 1899 1459 1941 πολέ-

51 1984 84 2013 25
117 1986 201 2023 μου
216 1975 472 2025 κεκινῆσθαι
492 1972 563 2012 καὶ
583 1970 901 2012 ἐπιδεδωκέναι.
921 1977 1095 2025 πρῶτον
1114 1970 1194 2023 μὲν
1213 1971 1295 2025 γὰρ
1316 1970 1459 2013 ἀκούω

105 2042 478 2094 Λακεδαιμονίους
510 2043 607 2083 τότε
638 2042 709 2083 καὶ
742 2042 907 2090 πάντας
938 2043 1040 2090 τοὺς
1072 2043 1230 2091 ἄλλους
1256 2041 1459 2095 τέτταρας

104 2118 241 2165 μῆνας
273 2111 299 2165 ἣ
334 2111 481 2166 πέντε,
512 2114 592 2166 την
624 2113 789 2166 ὡραίαν
822 2112 978 2166 αὐτήν,
1012 2110 1277 2165 ἐμβαλόντας
1310 2111 1364 2154 ἂν
1389 2113 1460 2154 καὶ

105 2182 382 2231 κακώσαντας
409 2183 489 2236 τὴν
515 2183 661 2238 χώραν
687 2182 883 2231 ὁπλίταις
907 2182 978 2223 καὶ
998 2185 1235 2232 πολιτικοῖς
1256 2183 1459 2237 στρατεύ-

111 2263 243 2305 μασιν
270 2252 513 2308 ἀναχωρεῖν
546 2251 607 2294 ἐπ’
641 2253 764 2294 οἴκου
799 2253 947 2294 πάλιν·
981 2252 1092 2294 οὕτω
1121 2251 1157 2294 δ’
1190 2252 1375 2308 ἀρχαίως
1402 2251 1460 2296 εἷ-

1481 354 1526 384 45

1481 921 1528 951 46

1484 1416 1529 1447 47

1487 1981 1532 2013 48
