1689 2531
108 101 173 146 111]
597 99 921 132 OATNfflAKox
946 99 976 130 r
1396 95 1452 136 33

107 197 223 251 χίλιοι
248 195 320 236 καὶ
339 195 601 236 πεντακόσια
621 191 793 235 τάλαντ’
813 192 1096 247 ἀνηλώκαμεν
1111 193 1170 242 εἰς
1185 191 1317 234 οὐδὲν
1338 190 1452 246 δέον,
1470 203 1509 264 13-
1517 202 1578 262 ΣΠ

108 266 183 316 οὓς
218 263 255 307 δ’
296 264 345 307 ἐν
379 269 437 322 τῷ
467 264 638 321 πολέμῳ
673 264 923 319 συμμάχους
956 262 1247 317 ἐκτησάμεθα,
1281 263 1454 316 εἰρήνης
1534 246 1559 268 ς’

108 337 240 391 οὔσης
266 335 594 378 ἀπολωλέκασιν
621 332 763 389 οὗτοι,
795 333 959 389 ἐχθρὸν
991 331 1027 375 δ’
1061 331 1128 388 ἐφ’
1160 334 1269 387 ἡμᾶς
1295 333 1454 382 αὐτοὺς

107 411 366 462 τηλικοῦτον
396 406 655 460 ἠσκήκαμεν.
693 407 718 459 ἢ
753 405 959 460 φρασάτω
992 420 1056 454 τις
1088 403 1182 457 ἐμοὶ
1207 404 1455 457 παρελθών,

71 496 86 521 5
106 479 248 520 πόθεν
275 478 466 519 ἄλλοθεν
493 477 669 532 ἰσχυρὸς
695 475 877 530 γέγονεν
902 475 927 530 ἢ
949 473 1047 529 παρ’
1067 476 1190 529 ἡμῶν
1209 475 1354 516 αὐτῶν
1379 476 1455 516 Φί-

108 553 273 598 λιππος.
311 546 404 589 ἀλλ’
442 545 558 589 ὦταν
592 549 628 589 εἰ
654 553 790 588 ταῦτα
817 547 1007 601 φαύλως,
1039 546 1091 587 τά
1116 543 1155 600 γ’
1188 544 1236 587 ἐν
1262 545 1371 601 αὐτῇ
1403 552 1454 600 τῇ
1482 557 1524 587 ‘29

106 621 229 661 πόλει
260 625 346 661 νῦν
379 619 559 671 ἄμεινον
592 616 690 672 ἔχει.
736 618 807 658 καὶ
839 618 883 658 τί
907 616 961 658 ἂν
988 619 1126 658 εἰπεῖν
1150 633 1214 666 τις
1241 614 1349 671 ἔχοι;
1380 616 1454 665 τὰς

108 689 303 740 ἐπάλξεις
331 689 379 739 ἃς
405 696 640 741 κονιῶμεν,
672 688 743 729 καὶ
770 689 844 737 τὰς
877 688 1007 737 ὀδοὺς
1035 687 1083 737 ἃς
1110 686 1456 741 ἐπισκευάζομεν,

107 761 178 802 καὶ
203 762 377 815 κρήνας,
402 760 473 801 καὶ
494 761 671 814 λήρους;
699 758 972 812 ἀποβλέψατε
993 759 1044 812 δὴ
1071 759 1179 812 πρὸς
1198 759 1300 807 τοὺς
1320 763 1454 798 ταῦτα

54 849 87 874 10
106 830 483 884 πολιτευομένους,
509 827 571 871 ὧν
597 831 637 871 οἱ
664 830 744 881 μὲν
770 828 816 870 ἐκ
842 836 1024 884 πτωχῶν
1049 829 1253 870 πλούσιοι
1272 829 1454 882 γεγόνα-

107 913 197 956 σιν,
229 902 269 943 οἱ
297 899 334 943 δ’
374 899 415 951 ἐξ
449 899 619 951 ἀδόξων
646 898 830 954 ἔντιμοι,
865 898 975 942 ἔνιοι
1003 900 1051 941 δὲ
1075 900 1150 948 τὰς
1177 900 1290 948 ἰδίας
1317 900 1453 948 οἰκίας

105 979 193 1014 τῶν
219 973 440 1026 δημοσίων
466 971 823 1025 οἰκοδομημάτων
845 971 1103 1025 σεμνοτέρας
1125 970 1205 1012 εἰσὶ
1227 981 1455 1011 κατεσκευ-

106 1043 300 1096 ασμένοι·
330 1044 416 1099 ὅσῳ
442 1043 490 1084 δὲ
509 1043 561 1084 τὰ
580 1049 654 1096 τῆς
674 1043 838 1090 πόλεως
860 1040 1018 1082 ἐλάττω
1040 1041 1234 1095 γέγονεν,
1260 1041 1453 1096 τοσούτῳ

106 1115 157 1155 τὰ
182 1114 351 1155 τούτων
378 1112 568 1167 ηὔξηται.

54 1202 86 1238 15
171 1187 224 1226 Τι’
248 1185 300 1239 δὴ
321 1185 369 1226 τὸ
390 1185 567 1225 πάντων
588 1184 730 1225 αἴτιον
749 1183 931 1237 τούτων,
955 1183 1026 1224 καὶ
1046 1184 1089 1224 τί
1102 1184 1155 1236 δή
1169 1181 1272 1224 ποθ’
1295 1180 1445 1223 ἅπαντ’
1480 1194 1523 1224 30

107 1251 193 1310 εἶχε
217 1259 356 1304 καλῶς
382 1256 490 1309 τότε,
515 1255 586 1295 καὶ
612 1260 697 1295 νῦν
723 1254 803 1295 οὐκ
830 1254 993 1307 ὀρθῶς;
1021 1254 1086 1295 ὅτι
1106 1254 1202 1295 τότε
1222 1253 1302 1305 μὲν
1322 1253 1454 1306 πράτ-

105 1342 194 1368 τειν
224 1326 296 1367 καὶ
323 1326 639 1379 στρατεύεσθαι
666 1328 838 1377 τολμῶν
864 1324 992 1373 αὐτὸς
1020 1324 1042 1366 ὁ
1076 1325 1209 1378 δῆμος
1243 1325 1454 1378 δεσπότης

105 1404 193 1438 τῶν
224 1395 575 1448 πολιτευομένων
608 1393 661 1448 ἦν
693 1395 766 1436 καὶ
797 1396 946 1449 κύριος
979 1395 1107 1444 αὐτὸς
1134 1394 1339 1436 ἁπάντων
1365 1403 1453 1436 τῶν

106 1467 308 1522 ἀγαθῶν,
338 1467 409 1508 καὶ
441 1466 664 1520 ἀγαπητὸν
695 1463 750 1519 ἦν
781 1467 897 1520 παρὰ
922 1472 1000 1507 τοῦ
1028 1466 1166 1519 δήμου
1194 1472 1282 1506 τῶν
1307 1467 1453 1507 ἄλλων

54 1556 86 1581 20
106 1537 269 1593 ἑκάστῳ
301 1538 372 1579 καὶ
404 1543 526 1591 τιμῆς
558 1537 629 1578 καὶ
662 1536 794 1591 ἀρχῆς
825 1536 896 1577 καὶ
929 1535 1101 1590 ἀγαθοῦ
1128 1552 1246 1585 τινος
1272 1540 1453 1588 μεταλα-

36 1613 82 1648 37
106 1611 219 1662 βεῐν·
241 1607 245 1664 Ι
268 1614 353 1650 νῦν
385 1609 433 1650 δὲ
464 1608 738 1661 τούναντίον,
769 1607 913 1660 κύριοι
944 1607 1023 1658 μὲν
1056 1608 1096 1648 οἱ
1123 1608 1452 1659 πολιτευόμενοι
1479 1620 1520 1649 31

106 1686 193 1720 τῶν
225 1679 427 1733 ἀγαθῶν,
458 1679 529 1719 καὶ
562 1678 634 1719 διὰ
666 1678 835 1719 τούτων
868 1678 1036 1718 ἅπαντα
1062 1677 1307 1732 πράττεται,
1331 1678 1452 1730 ὑμεῖς

108 1747 144 1791 δ’
177 1749 198 1791 ὁ
233 1751 365 1803 δῆμος
399 1748 775 1801 ἐκνενευρισμένοι
808 1748 879 1789 καὶ
905 1748 1214 1805 περιῃρημένοι
1246 1750 1452 1803 χρήματα,

108 1820 369 1875 συμμάχους,
391 1818 437 1865 ἐν
457 1820 675 1873 ὑπηρέτου
697 1819 767 1860 καὶ
788 1821 1042 1873 προσθήκης
1062 1819 1182 1873 μέρει
1196 1819 1452 1873 γεγένησθε,

54 1908 87 1934 25
108 1891 356 1944 ἀγαπῶντες
384 1889 460 1932 ἐὰν
485 1891 747 1943 μεταδιδῶσι
775 1894 1003 1943 θεωρικῶν
1029 1889 1134 1942 ὑμῖν
1154 1889 1177 1942 ἢ
1200 1890 1452 1943 Βοηδρόμια

108 1961 337 2014 πέμψωσιν
363 1958 498 2014 οὗτοι,
522 1961 593 2002 καὶ
613 1962 661 2001 τὸ
683 1960 859 2001 πάντων
885 1958 1210 2014 ἀνδρειότατον,
1235 1967 1324 2001 τῶν
1351 1960 1451 2012 ὑμε-

107 2030 245 2086 τέρων
271 2031 415 2073 αὐτῶν
441 2032 569 2086 χάριν
593 2033 914 2085 προσοφείλετε.
953 2032 992 2072 οἱ
1021 2029 1057 2071 δ’
1090 2030 1138 2072 ἐν
1164 2030 1272 2086 αὐτῇ
1297 2037 1349 2085 τῇ
1374 2032 1451 2072 πό-

109 2105 172 2143 λει
203 2101 510 2155 καθείρξαντες
541 2101 652 2154 ὑμᾶς
685 2100 923 2155 ἐπάγουσιν
956 2100 1024 2142 ἐπὶ
1056 2107 1191 2142 ταῦτα
1222 2102 1293 2142 καὶ
1324 2106 1450 2142 τιθα-

109 2173 287 2214 σεύουσι
313 2174 557 2227 χειροήθεις
589 2172 736 2221 αὐτοῖς
768 2178 1007 2221 ποιοῦντες.
1052 2170 1141 2213 ἔστι
1175 2169 1212 2212 δ’
1246 2169 1443 2213 οὐδέποτ’
1477 2183 1519 2213 32

54 2260 89 2286 ³0
109 2239 226 2296 οἶμαι
246 2243 354 2297 μέγα
370 2244 441 2284 καὶ
460 2244 665 2285 νεανικὸν
680 2243 883 2297 φρόνημα
905 2245 1054 2296 λαβεῖν
1067 2243 1198 2296 μικρὰ
1212 2243 1282 2283 καὶ
1303 2246 1449 2296 φαῦλα

180 2319 351 2351 ΒεΜοετΗ.,
365 2319 429 2344 Vol.
440 2320 454 2344 1
1239 2315 1258 2345 3
