1689 2531
147 882 190 911 23

226 57 306 100 198
690 59 1093 106 [ΔΗΜΟΣΘΕΝΟΤΣ]
1469 64 1573 108 [xm

224 159 325 203 λους
346 154 491 195 αὐτῶν
511 155 567 208 μὴ
589 153 782 204 ἐκείνους
803 154 1063 210 ἀποτρέπειν
1083 158 1184 206 τοὺς
1205 159 1572 214 παραβαίνοντας,

222 224 312 267 ἀλλ’
350 226 454 279 ἡμῖν
487 226 806 279 συμβουλεύειν
839 225 1039 279 ἐμμένειν
1071 234 1160 277 τοῖς
1187 228 1323 278 οὕτως
1350 229 1571 284 ὠλιγωρη-

223 296 388 349 μένοις;
424 296 569 350 ὥσπερ
603 298 673 338 καὶ
705 297 864 338 τούτου
897 298 1329 354 προσγεγραμμένου,
1365 306 1458 350 τοῖς
1489 301 1570 353 μὲν

222 367 380 417 ἐξεῖναι
415 371 694 422 πλημμελεῖν,
728 375 818 417 τοῖς
857 368 904 410 δὲ
940 368 1041 423 μηδ’
1081 369 1340 421 ἀμύνεσθαι.
1399 378 1489 420 πῶς
1525 369 1564 413 δ’

221 439 299 493 οὐχ
327 439 412 491 ἅμα
437 454 483 481 τε
508 440 788 493 παρενόμουν
815 437 973 481 ἐκεῖνοι
999 440 1070 481 καὶ
1096 439 1359 495 ἀναίσθητοι
1377 439 1503 497 ἦσαν,
1528 443 1573 484 οἵ

219 527 267 564 γε
295 514 554 564 τηλικοῦτον
579 509 833 564 παρέβησαν
858 517 947 552 τῶν
973 511 1128 566 ὅρκων,
1160 511 1182 553 ὃ
1208 511 1310 566 παρ’
1342 511 1569 567 ἐλάχιστον

221 581 426 636 ἐποίησεν
452 581 611 630 αὐτοὺς
638 580 937 636 ἀφαιρεθῆναι
966 582 1141 632 δικαίως
1166 584 1247 637 τὴν
1274 584 1381 624 κατὰ
1406 584 1568 625 θάλατ-

217 670 299 695 ταν
338 654 595 707 ἡγεμονίαν;
639 652 711 693 καὶ
754 658 839 694 νῦν
883 651 947 694 ἔτι
981 654 1314 707 παραδεδώκασι
1351 660 1481 696 τοῦτο
1519 656 1567 696 τὸ

218 725 391 766 δίκαιον
414 732 417 779 'h
441 723 714 778 ἀνεγκλήτως
745 724 862 778 ἡμῖν,
895 725 1000 765 ὅταν
1025 726 1318 778 βουληθῶμεν
1343 725 1567 779 πράττειν·

219 796 270 837 οὐ
307 796 388 849 γὰρ
426 796 493 836 ὅτι
529 793 771 836 ἐπαύσανθ’
814 794 1149 849 ἁμαρτάνοντες,
1182 792 1314 849 ἧττόν
1348 811 1389 837 τι
1425 796 1566 849 δήπου

218 869 546 921 παραβεβήκασι
581 867 656 915 τὰς
691 867 840 915 κοινὰς
876 866 1126 920 ὁμολογίας,
1161 865 1254 908 ἀλλ’
1295 866 1568 921 εὐτυχοῦσιν,

218 940 284 981 ὅτι
330 937 655 992 ἐναποχρῶνται
699 943 751 992 τῇ
789 936 975 994 ὑμετέρᾳ
1013 937 1210 994 ῥαθυμίᾳ
1247 944 1299 993 τῇ
1337 937 1442 979 οὐδὲ
1478 945 1567 979 τῶν

218 1011 399 1051 δικαίων
426 1008 666 1050 ἀπολαύειν
685 1008 1022 1065 προαιρουμένῃ.
1062 1008 1084 1049 ὃ
1105 1008 1176 1049 καὶ
1196 1008 1566 1062 ὑβριστικώτατον

218 1080 504 1134 συμβέβηκεν,
524 1081 560 1121 εἰ
582 1081 619 1121 οἱ
643 1080 722 1131 μὲν
743 1080 866 1121 ἄλλοι
879 1077 1084 1133 ΡΈλληνες·
1104 1079 1175 1120 καὶ
1194 1079 1410 1133 βάρβαροι
1431 1079 1565 1121 ἅπαν-

216 1169 285 1202 τες
318 1153 398 1206 τὴν
423 1152 531 1205 πρὸς
557 1151 667 1203 ὑμᾶς
693 1148 862 1205 ἔχθραν
889 1152 1147 1204 φοβοῦνται,
1179 1147 1302 1192 οὗτοι
1329 1150 1373 1191 δ’»
1401 1151 1442 1192 οἱ
1468 1151 1563 1192 νεό-

216 1228 399 1266 πλουτοι
430 1223 558 1275 μόνοι
590 1228 885 1275 καταφρονεῖν
918 1221 1026 1273 ὑμᾶς
1054 1221 1177 1273 ὑμῶν
1203 1221 1349 1263 αὐτῶν
1375 1220 1561 1275 ἀναγκά-

216 1299 351 1349 ζουσι,
387 1295 439 1336 τὰ
476 1294 555 1346 μὲν
593 1295 837 1342 πείθοντες,
875 1294 927 1333 τὰ
963 1293 1010 1334 δὲ
1045 1294 1305 1346 βιαζόμενοι,
1336 1292 1480 1346 ὥσπερ
1514 1291 1561 1334 ἐν

206 1366 476 1420 Ἀβδηρίταις
506 1364 527 1418 ἢ
556 1365 852 1418 ΝΙαρωνίταις,
878 1362 968 1405 ἀλλ’
1002 1363 1082 1404 οὐκ
1108 1362 1155 1404 ἐν
1174 1363 1419 1417 Ἀθηναίοις
1439 1366 1560 1405 πολι-

145 1449 190 1479 ‘24
216 1438 455 1489 τευόμενοι.
506 1436 576 1477 καὶ
610 1435 695 1487 ἄμα
727 1435 806 1487 μὲν
837 1435 969 1487 μικρὰ
1000 1435 1052 1475 τὰ
1078 1433 1262 1489 ὑμέτερα
1288 1440 1477 1488 ποιοῦσι,
1508 1435 1560 1475 τὰ

218 1510 264 1550 δὲ
302 1515 391 1549 τῶν
428 1505 602 1561 ἐχθρῶν
641 1506 809 1561 ἰσχυρά,
847 1506 932 1558 ἅμα
965 1505 1012 1546 δὲ
1045 1504 1349 1547 λανθάνουσιν
1381 1503 1561 1555 ἑαυτοὺς

218 1580 524 1621 ἀνυπόστατον
554 1578 635 1632 τὴν
661 1578 791 1619 πόλιν
818 1577 1134 1631 ὁμολογοῦντες
1161 1571 1286 1630 εἶναι,
1318 1576 1564 1618 διακελευό-

217 1666 341 1704 μενοι
373 1651 421 1691 τὸ
458 1650 630 1691 δίκαιον
662 1649 714 1690 οὐ
742 1649 917 1698 δικαίως
945 1648 1270 1702 διαφυλάττειν,
1296 1648 1352 1697 ὡς
1377 1652 1436 1704 τῷ
1458 1659 1564 1700 συμ-

217 1722 400 1776 φέροντί
424 1737 472 1775 γε
498 1719 796 1774 προελομένην
821 1723 1012 1774 χρῆσθαι
1038 1725 1213 1773 κρατεῖν
1239 1718 1293 1760 ἂν
1325 1725 1412 1760 τῶν
1437 1722 1562 1760 πολε-

147 1805 188 1834 25
215 1794 328 1846 μίων
355 1792 514 1849 ῥαδίως
542 1792 826 1844 δυνηθεῖσαν.
865 1791 1039 1840 εἰκότως
1066 1788 1102 1831 δ’
1136 1789 1241 1831 αὐτὸ
1268 1790 1563 1831 πεπόνθασιν·

217 1864 295 1914 ἕως
322 1864 403 1918 γὰρ
432 1863 486 1904 ἂν
513 1861 584 1920 ἐξῇ
609 1870 699 1904 τῶν
724 1862 831 1903 κατὰ
851 1862 1075 1903 θάλατταν
1102 1862 1172 1902 καὶ
1198 1862 1348 1913 μόνοις
1374 1859 1562 1914 ἀναμφι-

217 1937 437 1988 σβητήτως
465 1930 576 1975 εἶναι
604 1935 784 1987 κυρίοις,
808 1940 897 1982 τοῖς
923 1948 972 1986 γε
998 1932 1105 1973 κατὰ
1125 1938 1207 1986 γῆν
1228 1932 1335 1984 πρὸς
1354 1938 1406 1987 τῇ
1426 1932 1562 1985 ὑπαρ-

217 2007 353 2063 χούσῃ
381 2006 565 2058 δυνάμει
585 2003 676 2046 ἔστι
696 2005 914 2058 προβολὰς
936 2003 1081 2058 ἑτέρας
1103 2003 1420 2058 [ἰσχυροτέρας]
1443 2002 1562 2055 εὑρέ-

217 2081 337 2131 σθαι,
348 2077 486 2126 ἄλλως
500 2092 546 2118 τε
559 2076 629 2117 καὶ
643 2075 932 2128 πεπαυμένων
946 2075 1030 2116 ὑπὸ
1042 2081 1116 2128 τῆς
1130 2075 1259 2129 τύχης
1270 2081 1358 2115 τῶν
1370 2074 1560 2126 δορυφο-

217 2147 444 2202 ρουμένων
464 2147 548 2188 ὑπὸ
570 2154 657 2188 τῶν
676 2153 952 2201 τυραννικῶν
967 2145 1282 2200 στρατοπέδων,
1296 2144 1366 2186 καὶ
1380 2151 1468 2185 τῶν
1481 2144 1561 2196 μὲν

218 2218 523 2272 ἐφθαρμένων,
537 2225 624 2259 τῶν
639 2218 686 2259 δὲ
702 2216 1045 2271 ἐξεληλεγμένων
1060 2216 1239 2265 οὐδενὸς
1255 2215 1387 2265 ἀξίων
1407 2217 1559 2257 ὄντων.

1589 461 1605 485 5

1588 729 1662 765 218

1588 816 1620 839 10

1585 1167 1689 1207 1⁵2·

1581 1523 1615 1548 20

1582 1876 1615 1902 85
1673 1885 1689 1907 ξ·

1579 2232 1613 2258 30
1664 2238 1678 2261 fir·
