1689 2531
113 423 155 453 29

117 1133 160 1163 30

123 1701 163 1731 31

183 102 240 143 24
466 104 841 137 ΔΗΜΟΣΘΕΝΟΤΣ
868 104 1190 137 ΟΛΤΝΘΙΑΚΟΣ
1215 105 1244 136 Β
1478 103 1529 149 [11

184 197 221 240 δ’
255 198 336 240 οὐκ
362 196 497 241 ἔστιν·
526 198 617 241 ἐκεῖ
640 200 688 241 δὲ
713 200 916 241 κίνδυνοι
943 196 1023 253 μὲν
1043 198 1260 253 ἐλάττους,
1285 200 1337 241 τὰ
1358 197 1404 241 δὲ
1426 201 1528 254 λη’μ-

183 285 295 324 ματα
316 277 403 311 τῶν
429 268 733 324 ἐφεστηκότων
758 269 829 312 καὶ
850 277 938 312 τῶν
958 276 1250 323 στρατιωτῶν,
1276 271 1530 324 Λάμψακος,

185 343 381 394 Σίγειον,
419 341 471 381 τὰ
508 339 621 382 πλοῖ’
658 340 683 382 ἃ
716 344 921 382 συλῶσιν.
973 337 1035 381 ἐπ’
1075 337 1156 382 οὖν
1188 341 1236 382 τὸ
1269 344 1530 383 λυσιτελοῦν

183 411 332 461 αὑτοῖς
370 411 542 453 ἕκαστοι
581 417 813 465 χωροῦσιν.
857 411 981 463 ὑμεῖς
1019 411 1082 463 δ’,
1127 411 1231 452 ὅταν
1266 411 1346 466 μὲν
1383 413 1445 461 εἰς
1478 413 1530 454 τὰ

183 479 397 537 πράγματ’
421 481 692 536 ἀποβλέψητε
719 483 899 536 φαύλως
926 484 1092 536 ἔχοντα,
1118 483 1221 530 τοὺς
1241 481 1530 536 ἐφεστηκότας

183 556 372 606 κρίνετε,
412 553 517 594 ὅταν
557 551 602 594 δὲ
642 553 792 602 δόντες
825 554 957 606 λόγον
988 553 1064 602 τὰς
1095 551 1287 606 ἀνάγκας
1318 552 1530 608 ἀκούσητε

184 621 357 677 ταύτας,
389 623 550 678 ἀφίετε.
588 626 810 677 περίεστιν
836 625 990 665 τοίνυν
1017 623 1119 676 ὑμῖν
1147 622 1350 677 ἀλλήλοις
1376 623 1533 677 ἐρίζειν

183 695 255 737 καὶ
294 694 537 747 διεστάναι,
576 702 666 744 τοῖς
703 694 784 747 μὲν
823 701 957 735 ταῦτα
995 693 1320 748 πεπεισμένοις,
1358 703 1450 745 τοῖς
1485 692 1532 736 δὲ

185 771 333 815 ταῦτα,
365 766 417 807 τὰ
449 766 576 807 κοινὰ
604 765 650 806 δ’
673 763 790 820 ἔχειν
816 766 1004 818 φαύλως.
1041 766 1258 820 πρότερον
1283 763 1362 818 μὲν
1388 767 1470 820 γὰρ
1499 763 1532 808 ὦ

186 837 343 889 ἄνδρες
374 835 598 890 Ἀθηναῖοι
638 835 881 890 εἰσεφέρετε
915 836 1023 877 κατὰ
1056 837 1312 891 συμμορίας,
1351 837 1453 878 νυνὶ
1487 836 1534 878 δὲ

187 907 474 949 πολιτεύεσθε
500 907 607 948 κατὰ
634 908 889 961 συμμορίας.
940 906 1082 961 ῥήτωρ
1108 907 1281 961 ἡγεμὼν
1306 906 1535 963 ἑκατέρων,

187 977 258 1020 καὶ
287 979 527 1031 στρατηγὸς
554 978 637 1020 ὑπὸ
665 978 805 1034 τούτῳ
833 977 903 1019 καὶ
933 979 977 1019 οἶ
993 979 1257 1031 βοησόμενοι
1277 979 1535 1032 τριακόσιοι·

189 1050 233 1091 οἷ
252 1047 290 1090 δ’
316 1050 440 1091 ἄλλοι
467 1048 842 1104 προσνενέμησθε,
868 1049 910 1090 οἱ
930 1046 1009 1101 μὲν
1035 1049 1093 1098 ὡς
1118 1049 1316 1101 τούτους,
1347 1050 1387 1090 οἱ
1414 1047 1452 1090 δ’
1479 1049 1537 1098 ὡς

188 1119 393 1169 ἐκείνους.
440 1121 509 1161 δεῖ
539 1121 592 1174 δὴ
626 1121 751 1161 ταῦτ’
781 1118 1016 1169 ἐπανέντας
1047 1120 1118 1161 καὶ
1150 1119 1274 1174 ὑμῶν
1303 1119 1449 1161 αὐτῶν
1474 1117 1536 1161 ἔτι

189 1191 260 1232 καὶ
292 1196 376 1232 νῦν
408 1190 673 1245 γενομένους
705 1191 858 1232 κοινὸν
889 1191 961 1232 καὶ
993 1191 1040 1232 τὸ
1071 1191 1366 1245 βουλεύεσθαι
1391 1189 1463 1232 καὶ
1489 1192 1536 1232 τὸ

191 1256 336 1316 λέγειν
368 1262 439 1303 καὶ
472 1263 519 1303 τὸ
552 1262 759 1316 πράττειν
790 1268 983 1315 ποιῆσαι.
1022 1263 1062 1303 εἰ
1093 1262 1141 1303 δὲ
1172 1269 1263 1311 τοῖς
1287 1258 1368 1314 μὲν
1394 1262 1537 1315 ὥσπερ

190 1333 236 1375 ἐκ
255 1333 532 1388 τυρανῙνίδος
552 1333 676 1387 ὑμῶν
697 1332 939 1374 ἐπιτάττειν
959 1332 1220 1385 ἀποδώσετε,
1241 1340 1329 1381 τοῖς
1348 1330 1384 1374 δ’
1407 1331 1537 1386 ἀναγ-

189 1405 398 1455 κάζεσθαι
423 1411 717 1458 τριηραρχεῖν,
747 1403 983 1458 εἰσφέρειν,
1016 1404 1349 1458 στρατεύεσθαι,
1374 1410 1464 1452 τοῖς
1491 1401 1538 1444 δὲ

191 1477 460 1529 ψηφίζεσθαι
498 1475 604 1516 κατὰ
641 1476 811 1516 τούτων
847 1477 1000 1528 μόνον,
1039 1475 1145 1515 ἄλλο
1185 1471 1231 1516 δὲ
1264 1471 1362 1528 μηδ’
1388 1473 1539 1516 ὁτιοῦν

192 1553 448 1601 συμπονεῖν,
481 1545 579 1600 οὐχὶ
615 1548 840 1600 γενήσεται
867 1553 955 1587 τῶν
982 1547 1175 1587 δεόντων
1200 1545 1306 1597 ὑμῖν
1333 1542 1466 1586 οὐδὲν
1492 1543 1539 1586 ἐν

192 1623 338 1673 καιρῷ·
366 1618 412 1658 τὸ
440 1618 522 1672 γὰρ
551 1616 819 1671 ἠδικημένον
845 1615 911 1658 ἀεὶ
938 1616 1068 1671 μέρος
1094 1615 1297 1670 ἐλλείψει,
1323 1613 1408 1657 εἶθ’
1435 1616 1540 1670 ὑμῖν

192 1689 376 1737 τούτους
413 1689 609 1739 κολάζειν
647 1688 744 1730 ἀντὶ
781 1696 870 1730 τῶν
908 1687 1082 1742 ἐχθρῶν
1120 1686 1295 1737 ἐξέσται.
1341 1685 1452 1740 λέγω
1486 1686 1539 1740 δὴ

193 1759 448 1814 κεφάλαιον,
481 1759 645 1808 πάντας
678 1758 900 1813 εἰσφέρειν
933 1757 1005 1813 ἀφ’
1033 1759 1149 1800 ὅσων
1175 1758 1354 1807 ἕκαστος
1379 1755 1465 1812 ἔχει
1491 1758 1540 1798 τὸ

194 1830 308 1871 ἴσον·
339 1830 503 1878 πάντας
529 1829 688 1880 ἐξιέναι
713 1831 820 1871 κατὰ
846 1829 990 1884 μέρος,
1017 1828 1095 1878 ἕως
1121 1828 1176 1870 ἂν
1201 1829 1388 1878 ἅπαντες
1412 1838 1540 1883 στρα-

195 1901 428 1954 τεύσησθε·
470 1907 576 1942 πᾶσι
614 1908 706 1950 τοῖς
744 1907 952 1955 παριοῦσι
992 1902 1125 1954 λόγον
1163 1901 1350 1954 διδόναι,
1386 1899 1456 1941 καὶ
1488 1900 1539 1940 τὰ

196 1970 400 2026 βέλτισθ’
420 1968 482 2013 ὧν
509 1971 563 2013 ἂν
590 1971 811 2026 ἀκούσηθ’
831 1973 1068 2027 αι’ρεῑσθαι,
1092 1972 1148 2026 μὴ
1176 1971 1202 2013 ἃ
1226 1970 1280 2012 ἂν
1300 1970 1322 2013 ὁ
1344 1969 1450 2012 δεῖν’
1470 1969 1496 2024 ἢ
1518 1969 1540 2011 ὁ

197 2040 303 2085 δεῖν’
342 2047 451 2098 εἴπῃ.
496 2041 577 2084 κᾶν
615 2049 749 2084 ταῦτα
784 2049 954 2096 ποιῆτε,
993 2043 1045 2084 οὐ
1081 2043 1158 2084 τὸν
1196 2043 1373 2084 εἰπόντα
1404 2042 1543 2093 μόνον

196 2112 440 2169 παραχρῆμ’
467 2113 768 2165 ἐπαινέσεσθε,
794 2113 904 2156 ἀλλὰ
930 2114 1000 2155 καὶ
1026 2113 1137 2166 ὑμᾶς
1163 2113 1323 2162 αὐτοὺς
1343 2112 1542 2165 ὕστερον,

197 2184 371 2239 βέλτιον
397 2193 485 2227 τῶν
512 2185 627 2226 ὅλων
651 2185 919 2239 πραγμάτων
945 2184 1051 2237 ὑμῖν
1077 2182 1278 2238 ἐχόντων.

1555 854 1588 880 10

1558 1208 1590 1234 15

1559 1563 1593 1588 20

1561 1916 1593 1942 25
