1689 2531
116 106 207 150 vm]
454 106 570 138 ΠΕΡΙ
594 105 692 138 ΤΩΝ
717 106 781 138 EN
806 105 1118 161 ΧΕΡΡΟΝΗΣῼΙ
1404 105 1460 147 99

117 216 159 242 τι
183 207 272 242 τῶν
297 201 393 242 τότε
420 201 681 254 συμβάντων
700 207 752 256 τῇ
771 202 911 253 πόλεις
939 201 1017 256 οὐχ
1038 195 1134 243 οἶόν
1153 217 1208 243 τε.
1242 201 1354 243 οὕτω
1376 203 1463 243 τοί-

117 287 203 313 νυν
227 272 298 313 καὶ
323 271 422 325 περὶ
454 268 516 313 ὧν
549 270 602 312 ἂν
629 270 710 325 ἐγὼ
744 271 853 325 λέγω
883 272 971 324 [καὶ
1001 272 1100 325 περὶ
1132 269 1194 313 ὧν
1221 272 1275 314 ἂν
1301 272 1322 314 ὁ
1351 272 1456 315 δεῖν’

119 342 249 399 εἴπῃ],
274 343 326 383 τὰ
351 342 431 394 μὲν
456 340 561 396 ἔργα
587 343 695 396 παρ’
715 342 839 395 ὑμῶν
865 342 1011 384 αὐτῶν
1031 346 1203 397 ζητεῖτε,
1227 345 1280 384 τὰ
1300 345 1348 385 δὲ
1366 343 1464 398 βέλ-

118 411 224 455 τιστ’
258 411 468 470 ἐπιστήμῃ
496 412 638 466 λέγειν
664 414 779 467 παρὰ
804 419 882 455 τοῦ
915 415 1159 467 παριόντος.

84 500 99 526 5
173 483 248 526 'Ev
272 485 492 539 κεφαλαίῳ
521 481 558 525 δ’
591 483 616 525 ἃ
644 484 752 538 λέγω
780 484 949 538 φράσας
975 486 1214 538 καταβῆναι
1240 486 1465 538 βούλομαι.

120 554 305 610 χρήματ’
333 554 554 608 εἰσφέρειν
581 555 691 608 φημὶ
717 556 830 596 δεῖν·
861 556 941 609 τὴν
966 555 1250 610 ὑπάρχουσαν
1277 556 1466 608 δύναμιν

25 628 100 665 109
123 624 335 680 συνέχειν,
361 624 719 678 ἐπανορθοῦντας
737 625 740 682 Ῑ
758 626 798 667 εἴ
820 642 861 667 τι
883 627 1002 668 δοκεῖ
1020 627 1077 680 μὴ
1097 630 1236 675 καλῶς
1256 624 1384 681 ἔχειν,
1409 628 1465 681 μὴ

122 697 239 745 ὅσοις
272 696 326 737 ἄν
351 711 415 746 τις
442 696 685 750 αἰτιάσηται
719 697 767 738 τὸ
796 697 900 738 ὅλον
926 697 1238 747 καταλύοντας·
1265 697 1466 752 πρέσβεις

121 765 353 820 ἐκπέμπειν
371 774 582 821 πανταχοῖ
593 769 693 816 τοὺς
707 767 974 821 διδάξοντας,
984 770 1349 822 νουθετήσοντας,
1360 769 1468 823 πρά-

70 853 104 879 10
124 837 293 888 ξοντας·
318 838 435 892 παρὰ
460 837 601 879 πάντα
626 844 761 880 ταῦτα
787 840 888 887 τοὺς
916 837 985 880 ἐπὶ
1005 846 1094 888 τοῖς
1116 839 1365 893 πράγμασιν
1386 840 1469 881 δω-

125 908 417 962 ροδοκοῦντας
438 908 633 960 κολάζειν
647 910 717 950 καὶ
731 917 876 961 μισεῖν
895 916 1131 964 πανταχοῦ,
1157 910 1213 951 ἵν’
1240 912 1285 952 οῖ
1301 910 1468 964 μέτριοι

125 979 195 1020 καὶ
228 979 422 1028 δικαίους
462 979 620 1029 αὑτοὺς
659 980 918 1035 παρέχοντες
957 977 1005 1022 εὖ
1037 983 1363 1034 βεβουλεῦσθαι
1396 983 1468 1023 δο-

124 1058 231 1091 κῶσι
263 1050 334 1091 καὶ
365 1058 455 1100 τοῖς
488 1051 637 1100 ἄλλοις
669 1052 740 1092 καὶ
772 1050 953 1101 ἑαυτοῖς.
993 1050 1046 1092 ἂν
1079 1051 1191 1093 οὕτω
1218 1059 1308 1101 τοῖς
1334 1052 1470 1106 πράγ-

126 1131 229 1173 μασι
256 1124 422 1176 χρῆσθε
448 1121 518 1162 καὶ
538 1120 758 1175 παύσησθ’
787 1122 1103 1176 ὀλιγωροῦντες
1124 1121 1341 1177 ἁπάντων,
1367 1123 1469 1172 ἴσως

72 1207 104 1232 15
125 1193 192 1246 ἄν,
217 1191 319 1241 ἴσως
346 1192 416 1232 καὶ
442 1197 527 1233 νῦν
553 1190 615 1233 ἔτι
641 1194 796 1245 βελτίω
824 1192 1006 1246 γένοιτο.
1040 1195 1075 1234 εἰ
1102 1193 1249 1246 μέντοι
1270 1194 1470 1236 καθεδεῖ-

126 1266 227 1316 σθε,
256 1263 357 1317 ἄχρι
387 1268 466 1304 τοῦ
499 1265 748 1317 θορυβῆσαι
781 1264 851 1304 καὶ
884 1262 1106 1305 ἐπαινέσαι
1143 1264 1471 1318 σπουδάζοντες,

127 1331 202 1374 ἐὰν
229 1333 276 1374 δὲ
303 1333 378 1390 δέῃ
403 1349 443 1374 τι
469 1340 612 1375 ποιεῖν
639 1333 943 1388 ἀναδυόμενοι,
968 1335 1047 1389 οὐχ
1074 1334 1160 1389 ὁρῶ
1189 1336 1321 1389 λόγον
1354 1335 1470 1384 ὅστις

127 1405 231 1444 ἄνευ
264 1409 342 1445 τοῦ
374 1411 518 1446 ποιεῖν
548 1405 658 1457 ὑμᾶς
685 1404 710 1446 ἃ
736 1407 944 1458 προσήκει
977 1406 1209 1459 δυνήσεται
1235 1406 1315 1460 τὴν
1341 1407 1470 1447 πόλιν

128 1479 274 1516 σῶσαι.

1493 496 1536 526 76
