1689 2531
178 96 234 136 92
664 96 1042 130 ΔΗΜΟΣΘΕΝΟΤΣ
1440 97 1531 141 [vm

177 192 287 244 ὑμᾶς
313 189 447 247 ἔχειν,
472 191 582 246 ὑπὲρ
616 192 664 234 δὲ
695 199 784 233 τῶν
815 195 1005 244 μελινῶν
1036 192 1107 233 καὶ
1135 199 1221 234 τῶν
1248 192 1421 247 ὀλυρῶν
1446 199 1534 233 τῶν

179 262 227 305 ἐν
258 271 348 312 τοῖς
380 264 584 320 Θρᾳκίοις
602 263 605 319 Ι
624 271 763 317 σιροῖς
797 261 845 304 ἐν
870 268 929 320 τῷ
948 263 1162 320 βαράθρῳ
1189 263 1415 318 χειμάζειν.
1454 262 1535 304 οὐκ
1555 266 1629 302 101

178 332 270 376 ἔστι
296 340 444 389 ταῦτα,
470 333 580 375 ἀλλὰ
605 333 767 376 κάκεῖν’
798 334 908 388 ὑπὲρ
935 340 1013 376 τοῦ
1040 334 1210 376 τούτων
1230 334 1440 388 γενέσθαι
1460 334 1535 375 κύ-

180 421 272 460 ριος
305 405 377 446 καὶ
409 405 544 446 τᾶλλα
574 404 717 446 πάντα
748 405 1107 459 πραγματεύεται.
1151 406 1194 446 τί
1228 401 1310 446 οὖν
1343 401 1390 447 εὖ
1426 420 1535 459 φρο-

178 477 381 518 νούντων
407 475 660 531 ἀνθρώπων
686 474 822 527 ἐστίν;
851 477 1020 526 εἰδότας
1045 482 1181 518 ταῦτα
1201 476 1273 517 καὶ
1293 474 1535 530 ἐγνωκότας
1555 492 1571 518 5

179 549 259 602 τὴν
278 547 359 600 μὲν
379 547 746 602 ὑπερβάλλουσαν
765 548 837 589 καὶ
858 547 1117 589 ἀνείκαστον
1131 548 1295 601 ταύτην
1310 547 1536 604 ῥαθυμίαν

180 617 452 672 ἀποθέσθαι,
483 620 679 673 χρήματα
713 618 760 660 δ’
792 619 1015 672 εἰσφέρειν
1046 619 1118 660 καὶ
1149 620 1251 668 τοὺς
1285 618 1537 673 συμμάχους

181 689 352 744 ἀξιοῦν,
384 690 455 730 καὶ
489 690 603 738 ὅπως
635 690 683 731 τὸ
718 691 983 744 συνεστηκὸς
1014 696 1144 732 τοῦτο
1173 698 1386 742 συμμενεῖ
1410 688 1537 742 στρά-

180 760 299 813 τευμ’
332 760 441 814 ὁρᾶν
467 761 538 802 καὶ
564 760 783 815 πράττειν,
809 760 867 802 ἵν’
897 761 1043 816 ὥσπερ
1071 760 1235 810 ἐκεῖνος
1255 759 1431 812 ἕτοιμον
1450 757 1538 815 ἔχει

182 833 373 884 δύναμιν
398 832 479 886 τὴν
505 831 804 886 ἀδικήσουσαν
830 832 902 874 καὶ
928 831 1376 885 καταδουλωσομένην
1403 831 1538 872 ἅπαν-
1558 848 1592 873 10

180 919 255 953 τας
281 905 383 952 τοὺς
401 901 626 957 ΓΈλληνας,
652 902 765 944 οὕτω
786 904 867 957 τὴν
888 904 1120 945 σώσουσαν
1139 902 1262 955 ὑμεῖς
1282 903 1353 944 καὶ
1372 904 1540 956 βοηθή-

183 985 350 1016 σουσαν
388 974 551 1015 ἅπασιν
588 973 764 1026 ἕτοιμον
801 972 936 1029 ἔχητε.
981 974 1033 1016 οὐ
1072 974 1154 1028 γὰρ
1188 971 1279 1015 ἔστι
1310 974 1538 1027 βοηθείαις

182 1045 432 1101 χρωμένους
467 1043 667 1087 οὐδέποτ’
709 1046 841 1087 οὐδὲν
876 1053 964 1087 τῶν
1000 1046 1194 1087 δεόντων
1218 1043 1396 1099 πρᾶξαι,
1431 1043 1540 1086 ἀλλὰ

182 1117 590 1166 κατασκευάσαντας
618 1118 685 1159 δεῖ
711 1117 922 1172 δύναμιν,
955 1118 1026 1159 καὶ
1051 1118 1223 1171 τροφὴν
1255 1116 1390 1174 ταύτῃ
1416 1117 1540 1170 πορί-

184 1200 343 1238 σαντας
375 1189 446 1230 καὶ
477 1190 630 1241 ταμίας
657 1189 728 1230 καὶ,
756 1189 1005 1243 δημοσίους,
1030 1189 1101 1230 καὶ
1131 1189 1245 1238 ὅπως
1265 1186 1332 1230 ἔνι
1352 1188 1433 1242 τὴν
1451 1194 1540 1229 τῶν
1561 1202 1594 1228 15

183 1259 414 1315 χρημάτων
453 1260 657 1313 φυλακὴν
692 1259 1009 1314 ἀκριβεστάτην
1047 1258 1270 1314 γενέσθαι,
1306 1258 1419 1300 οὕτω
1446 1272 1541 1299 ποι-

183 1333 386 1385 ήσαντας,
420 1331 498 1372 τὸν
533 1330 612 1383 μὲν
647 1337 735 1372 τῶν
770 1331 1002 1385 χρημάτων
1047 1332 1181 1384 λόγον
1221 1330 1338 1384 παρὰ
1372 1329 1542 1371 τούτων

186 1402 439 1457 λαμβάνειν,
464 1403 542 1443 τὸν
569 1402 616 1443 δὲ
642 1409 730 1443 τῶν
757 1400 898 1456 ἔργων
924 1402 1040 1456 παρὰ
1065 1408 1144 1443 τοῦ
1172 1407 1429 1455 στρατηγοῦ.
1460 1399 1543 1442 κᾶν

186 1473 299 1515 οὕτω
326 1475 534 1526 ποιήσητε
560 1473 631 1514 καὶ
658 1470 746 1514 τότ’
780 1470 1016 1527 ἐθελήσηθ’
1050 1473 1105 1522 ὡς
1132 1472 1308 1526 ἀληθῶς
1335 1472 1459 1526 ἄγειν
1486 1473 1543 1513 εἰ-

187 1546 326 1598 ρήνην
363 1545 556 1598 δικαίαν,
590 1543 740 1596 με’νειν
776 1543 845 1586 ἐπὶ
879 1551 953 1599 τῆς
989 1544 1125 1586 αὑτοῦ
1157 1545 1378 1586 Φίλιππον
1411 1542 1542 1597 ἀναγ-
1563 1558 1598 1584 20

186 1615 351 1669 κάσετε,
377 1612 429 1657 οὗ
450 1618 596 1667 μεῖζον
617 1615 750 1657 οὐδὲν
772 1615 826 1657 ἂν
845 1614 1006 1670 γένοιτ’
1032 1614 1219 1669 ἀγαθόν,
1237 1614 1262 1669 ἣ
1284 1612 1539 1668 πολεμήσετ’

188 1685 230 1736 ἐξ
259 1686 369 1728 ἴσου.

247 1759 302 1799 Εἰ
331 1757 382 1798 δέ
404 1774 462 1814 τῳ
491 1758 611 1799 δοκεῖ
636 1764 771 1799 ταῦτα
790 1758 862 1799 καὶ
884 1757 1078 1811 δαπάνης
1098 1757 1285 1812 μεγάλης
1306 1756 1377 1798 καὶ
1396 1756 1546 1798 πόνων

188 1831 364 1870 πολλῶν
399 1829 470 1870 καὶ
505 1831 798 1883 πραγματείας
832 1825 963 1884 εἶναι,
997 1829 1068 1870 καὶ
1100 1827 1196 1881 μάλ’
1230 1828 1375 1883 ὀρθῶς
1409 1828 1545 1869 δοκεῖ·

189 1898 291 1940 ἀλλ’
317 1898 393 1941 ἐὰν
420 1901 638 1954 λογίζηται
664 1901 717 1941 τά
742 1907 794 1956 τῇ
820 1901 944 1942 πόλει
970 1901 1075 1953 μετὰ
1101 1906 1237 1941 ταῦτα
1262 1899 1547 1953 γενησόμενα,
1566 1912 1599 1938 25

191 1970 244 2012 ἂν
270 1976 406 2012 ταῦτα
431 1971 488 2025 μὴ
512 1970 652 2027 ’θέλῃ,
678 1971 852 2026 εὑρήσει
881 1975 1140 2012 λυσιτελοῦν
1165 1971 1213 2012 τὸ
1246 1969 1425 2019 ἑκόντας
1451 1983 1546 2010 ποι-

191 2049 257 2084 εῖν
288 2043 340 2083 τά
374 2041 541 2084 δέοντα.
582 2044 617 2083 εἰ
650 2042 730 2094 μὲν
761 2042 844 2096 γάρ
879 2041 972 2084 ἐστί
995 2058 1058 2091 τις
1086 2040 1296 2096 ἐγγυητὴς
1327 2044 1448 2082 θεῶν
1475 2038 1546 2096 (οὐ

192 2113 274 2167 γὰρ
302 2112 555 2165 ἀνθρώπων
581 2110 620 2166 γ’
653 2113 798 2162 οὐδεὶς
826 2113 880 2155 ἂν
906 2110 1063 2167 γένοιτ’
1096 2112 1328 2167 ἀξιόχρεως
1347 2110 1548 2165 τηλικού-

193 2200 270 2225 του
309 2182 579 2240 πράγματος)
627 2184 702 2238 ὡς,
747 2183 823 2225 ἐὰν
867 2181 999 2238 ἄγηθ’
1041 2184 1228 2239 ἡσυχίαν
1267 2182 1337 2224 καὶ
1377 2182 1547 2224 ἅπαντα
1567 2198 1600 2223 29

193 2259 411 2310 προῆσθε,
443 2255 523 2297 οὐκ
557 2252 619 2296 ἐπ’
658 2255 818 2305 αὐτοὺς
851 2255 960 2308 ὑμᾶς
994 2259 1207 2297 τελευτῶν
1234 2251 1545 2310 ἐκεῖνοςίἥξει,
1566 2254 1641 2290 102
1673 2259 1674 2268 ’
