1689 2531
828 588 954 630 XVII

326 686 500 733 ΠΕΡΙ
538 686 689 733 ΤΩΝ
726 685 922 734 ΠΡΟΣ
960 683 1451 737 ΑΛΕΞΑΝΔΡΟΝ
1584 694 1653 729 211

688 768 1098 817 ΣΤΝΘΗΚΩΝ

763 879 1019 913 ΤΠΟΘΕΣΙΣ

266 962 523 1018 Ἀλεξάνδρου
538 972 607 1005 τοῦ
619 966 859 1013 Μακεδόνος
874 965 1158 1018 καταγαγόντος
1173 965 1227 1012 εἰς
1240 965 1462 1017 Μεσσήνην
1474 965 1566 1013 τοὺς

221 1032 412 1071 Φιλιάδου
439 1037 507 1070 τοῦ
534 1031 730 1082 τυράννου
756 1032 912 1082 παῖδας,
945 1031 1112 1069 αἰτιᾶται
1137 1030 1242 1083 παρὰ
1267 1030 1334 1078 τὰς
1360 1031 1565 1081 συνθήκας

214 1093 317 1136 εἶναι
337 1103 448 1135 τοῦτο
471 1096 537 1144 τὰς
558 1096 654 1147 πρὸς
664 1094 905 1147 Ἀθηναίους
919 1095 983 1134 καὶ
992 1092 1189 1146 ’Έλληνας
1202 1094 1424 1148 γενομένας·
1443 1111 1565 1149 παρα-

216 1162 425 1214 βεβηκέναι
458 1161 498 1201 δὲ
531 1161 596 1200 καὶ
623 1161 663 1201 ἐν
689 1161 819 1209 ἄλλοις
844 1164 1002 1208 πολλοῖς
1027 1160 1093 1208 τὰς
1120 1160 1327 1211 συνθήκας
1353 1160 1451 1211 φησὶ
1475 1160 1566 1208 τοὺς
1682 1176 1688 1198 1

216 1226 470 1276 Μακεδόνας,
508 1227 573 1266 καὶ
609 1227 660 1277 μὴ
699 1233 885 1278 περιορᾶν
923 1232 1043 1264 ταῦτα
1081 1230 1272 1277 παραινεῖ.
1316 1223 1336 1264 ὅ
1375 1225 1416 1265 δὲ
1453 1225 1600 1278 λόγος5

217 1293 541 1344 ψευδεπίγραφος
568 1288 667 1330 εἶναι
693 1292 816 1331 δοκεῖ·
849 1291 896 1331 οὐ
921 1290 994 1343 γὰρ
1021 1291 1119 1330 ἔοικε
1145 1290 1242 1330 κατὰ
1267 1290 1339 1341 τὴν
1359 1290 1467 1330 ἰδέαν
1486 1294 1567 1337 τοῖς

217 1356 348 1405 ἄλλοις
375 1361 455 1404 τοῖς
481 1363 550 1396 τοῦ
578 1356 876 1408 Δημοσθένους,
902 1355 996 1395 ἀλλὰ
1022 1360 1072 1410 τῷ
1095 1354 1331 1407 τήῙπερείδου
1357 1363 1566 1408 χαρακτῆρι

219 1426 364 1473 μᾶλλον
390 1426 619 1474 προσχωρεῖ,
646 1423 691 1460 τά
716 1418 749 1460 τ’
779 1421 874 1460 ἄλλα
899 1421 964 1460 καὶ
988 1421 1106 1468 λέξεις
1133 1420 1241 1468 τινὰς
1266 1421 1339 1472 ἔχει
1363 1417 1447 1460 κατ’
1471 1420 1567 1460 ἐκεῖ·

166 1500 199 1524 23
219 1503 291 1526 νον
323 1491 468 1539 μᾶλλον
505 1486 710 1538 εἰρημένας
742 1486 768 1539 ἢ
808 1487 874 1526 τὸν
899 1486 1182 1537 Δημοσθένην,
1220 1482 1306 1525 οἷον
1338 1485 1567 1526 νεόπλουτοι

139 1565 196 1595 §11
217 1552 282 1591 καὶ
308 1552 625 1605 βδελυρεύεσθαι.
1586 1564 1619 1589 10

268 1642 408 1694 Ἄξιον
446 1644 741 1699 ἀποδέχεσθαι
775 1642 806 1685 ὦ
840 1645 996 1698 ἄνδρες
1019 1641 1245 1697 Ἀθηναῖοι
1273 1643 1446 1697 σφόδρα
1477 1650 1567 1685 τῶν

220 1723 308 1765 τοῖς
330 1716 474 1770 ὅρκοις
494 1716 565 1757 καὶ
585 1722 677 1765 ταῖς
699 1717 942 1769 συνθήκαις
963 1713 1336 1767 διακελευομένων
1356 1712 1568 1768 ἐμμένειν,
1669 1729 1689 1764 13

220 1787 339 1841 εἴπερ
367 1787 473 1828 αὐτὸ
500 1786 778 1838 πεπεισμένοι
805 1792 1028 1828 ποιοῦσιν·
1079 1781 1198 1838 οἶμαι
1224 1785 1306 1840 γὰρ
1334 1784 1467 1827 οὐδὲν
1493 1784 1566 1826 οὕ-

219 1875 301 1907 τως
327 1865 417 1908 τοῖς
445 1857 868 1912 δημοκρατουμένοις
894 1856 1076 1909 πρέπειν
1103 1857 1158 1905 ὡς
1184 1856 1283 1910 περὶ
1308 1857 1356 1897 τὸ
1378 1856 1477 1897 ἴσον
1495 1855 1566 1897 καὶ
1675 1886 1688 1909 23

219 1930 268 1971 τὸ
302 1929 474 1970 δίκαιον
507 1929 778 1979 σπουδάζειν.
831 1929 897 1969 δεῖ
927 1929 1081 1969 τοίνυν
1107 1929 1210 1977 τοὺς
1237 1929 1336 1969 λίαν
1363 1924 1425 1968 ἐπ’
1459 1926 1569 1968 αὐτὰ
1588 1941 1620 1968 15

220 2004 579 2053 παρακαλοῦντας
596 2000 652 2054 μὴ
691 2004 749 2056 τῷ
764 1999 844 2051 μὲν
860 2000 973 2055 λόγῳ
988 1998 1346 2053 καταχρωμένους
1361 1996 1569 2052 ἐνοχλεῖν,
1587 1999 1653 2034 ’ΖῙΞ

220 2071 362 2112 πάντα
389 2071 436 2112 δὲ
462 2074 628 2123 μᾶλλον
653 2071 872 2125 πράττειν,
898 2067 991 2111 ἀλλ’
1025 2069 1343 2121 ὑπομείναντας
1369 2069 1472 2110 νυνὶ
1491 2068 1569 2110 τὸν

223 2140 455 2194 ἐξετασμὸν
481 2141 506 2195 ἢ
533 2141 605 2183 καὶ
630 2142 678 2183 τὸ
708 2142 862 2183 λοιπὸν
888 2140 1179 2192 πειθομένους
1206 2140 1316 2192 ὑμᾶς
1335 2137 1452 2195 ἔχειν
1471 2139 1569 2190 περὶ

222 2213 380 2267 αὐτῶν,
411 2213 436 2267 ἢ
469 2214 865 2267 παραχωρήσαντας
893 2210 969 2254 ἐᾶν
996 2211 1316 2265 συμβουλεύειν
1340 2212 1442 2260 τοὺς
1468 2209 1570 2263 ἀλη-
1675 2241 1688 2265 ,3
