1689 2531
39 101 88 147 Π]
522 101 846 134 οΛΤΝΘΙΑΚοΣ
870 101 899 132 Β
1328 99 1380 139 17

1368 194 1378 210 x

42 193 104 238 ὧν
128 193 237 251 ἦμέν
261 210 365 238 ποτε
390 196 536 250 κύριοι
563 197 804 250 φαίνεσθαι
829 194 1137 249 προϊεμένους,
1169 194 1279 237 ἀλλὰ
1309 211 1380 237 και

40 275 129 310 τῶν
158 267 244 309 ὑπὸ
278 274 353 322 τῆς
383 268 516 322 τύχης
547 265 1005 320 παρασκευασθέντων
1040 266 1279 321 συμμάχων
1310 265 1381 308 καὶ

8 364 9 380 ι
41 345 216 392 καιρῶν.

102 409 158 451 Τὸ
184 406 264 463 μὲν
289 405 372 450 οὖν
399 404 432 450 ὦ
459 409 616 460 ἄνδρες
634 407 859 463 Ἀθηναῖοι
880 408 960 461 τὴν
985 409 1206 449 Φιλίππου
1233 408 1382 462 ῥώμην

8 496 9 502 ’
45 478 248 530 διεξιέναι
273 478 345 521 καὶ
372 480 445 521 διὰ
470 480 641 521 τούτων
666 487 754 520 τῶν
780 480 924 532 λόγων
951 477 1213 532 προτρέπειν
1238 479 1290 520 τὰ
1315 477 1383 520 δέ-

43 566 148 593 οντα
173 558 318 592 ποιεῖν
344 550 470 604 ὑμᾶς,
491 548 588 604 οὐχὶ
609 553 751 599 καλῶς
771 551 886 604 ἔχειν
906 549 1105 603 ἡγοῦμαι.
1139 549 1212 590 διὰ
1231 550 1273 591 τί
1280 567 1289 599 ;
1316 548 1381 590 ὅτι

40 638 114 675 μοι
146 622 265 663 δοκεῖ
296 619 430 662 πάνθ’
464 619 529 662 ὄσ’
561 619 616 662 ἂν
649 624 764 662 εἴποι
795 635 859 669 τις
884 617 994 680 ὑπὲρ
1021 620 1204 672 τούτων,
1232 619 1381 676 ἐκείνῳ

41 689 122 746 μὲν
155 689 271 747 ἔχειν
305 693 573 746 φιλοτιμίαν,
608 691 713 745 ἡμῖν
745 687 782 732 δ’
814 689 911 745 οὐχὶ
947 692 1087 739 καλῶς
1121 694 1382 745 πεπρᾶχθαι.

10 763 11 766 ’
43 762 66 804 ὁ
98 762 178 817 μὲν
210 763 292 817 γὰρ
325 762 412 819 ὅσῳ
444 760 609 803 πλείον’
648 759 754 816 ὑπὲρ
791 762 871 815 τὴν
904 760 1030 811 ἀξίαν
1063 763 1270 815 πεποίηκε
1303 762 1384 815 τὴν

43 833 201 886 αὑτοῦ,
230 833 425 889 τοσούτῳ
460 834 818 887 θαυμαστότερος
851 833 967 884 παρὰ
1004 838 1110 873 πᾶσι
1149 833 1383 886 νομίζεται·

42 904 166 958 ὑμεῖς
199 902 236 945 δ’
269 904 356 960 ὅσῳ
389 911 537 958 χεῖρον
568 902 594 956 ἢ
627 909 848 957 προσῆκεν
878 903 1094 957 κέχρησθε
1127 911 1217 951 τοῖς
1247 903 1384 955 πράγ-

43 986 188 1029 μασιν,
213 975 408 1031 τοσούτῳ
435 973 599 1016 πλείον’
626 975 841 1029 αἰσχύνην
867 974 1105 1028 ὠφλήκατε.
1142 979 1278 1014 ταῦτα
1303 971 1383 1027 μὲν

44 1042 126 1088 οὖν
150 1046 414 1099 παραλείψω.
455 1044 526 1087 καὶ
553 1046 636 1099 γὰρ
663 1046 701 1086 εἰ
726 1043 816 1099 μετ’
833 1043 837 1100 Ι
854 1044 1063 1098 ἀληθείας
1087 1060 1152 1093 τις
1173 1041 1205 1085 ὦ
1227 1044 1384 1098 ἄνδρες

42 1116 265 1170 Ἀθηναῖοι
302 1124 530 1167 σκοποῖτο,
563 1114 738 1157 ἐνθένδ’
771 1115 826 1157 ἂν
858 1116 994 1158 αὐτὸν
1026 1116 1114 1157 ἴδοι
1147 1114 1284 1169 μέγαν
1318 1130 1384 1168 γε-

45 1186 301 1242 γενημένον,
321 1186 418 1241 οὐχὶ
437 1185 537 1241 παρ’
565 1186 714 1228 αὑτοῦ.
748 1183 810 1228 ὧν
830 1183 912 1228 οὖν
933 1185 1097 1235 ἐκεῖνος
1116 1183 1196 1238 μὲν
1216 1186 1383 1239 ὀφείλει

26 1265 135 1307 τοῖς
158 1255 268 1310 ὑπὲρ
297 1257 433 1298 αὐτοῦ
459 1256 843 1309 πεπολιτευμένοις
869 1257 1011 1311 χάριν,
1044 1257 1149 1310 ὑμῖν
1181 1255 1229 1297 δὲ
1256 1257 1384 1309 δίκην

26 1330 252 1382 ,προσήκει
285 1330 448 1381 λαβεῖν,
482 1327 578 1382 οὐχὶ
611 1334 695 1369 νῦν
722 1327 808 1382 ὁρῶ
835 1329 914 1370 τὸν
939 1328 1094 1380 καιρὸν
1120 1333 1196 1368 τοῦ
1225 1326 1382 1380 λέγειν·

0 1408 1 1414 ’
45 1397 71 1439 ἃ
97 1396 144 1440 δὲ
170 1397 242 1440 καὶ
269 1398 399 1453 χωρὶς
424 1399 594 1439 τούτων
619 1396 699 1450 ἔνι,
726 1397 797 1439 καὶ
817 1398 993 1451 βέλτιόν
1014 1397 1132 1439 ἐστιν
1152 1396 1383 1451 ἀκηκοέναι

18 1492 20 1501 v
45 1469 208 1518 πάντας
227 1469 350 1522 ὑμᾶς,
370 1469 442 1510 καὶ
460 1467 607 1522 μεγάλ’
629 1466 661 1510 ὦ
683 1469 841 1522 ἄνδρες
861 1468 1083 1522 Ἀθηναῖοι
1103 1467 1190 1509 κατ’
1213 1467 1383 1509 ἐκείνου

46 1536 235 1594 φαίνοιτ’
261 1538 317 1580 ἂν
336 1539 483 1593 ὀνείδη
505 1539 792 1594 βουλομένοις
812 1539 958 1593 ὀρθῶς
979 1539 1237 1592 δοκιμάζειν,
1257 1544 1362 1579 ταῦτ
1376 1536 1384 1552 ’

20 1642 32 1666 4
47 1612 185 1652 εἰπεῖν
210 1609 480 1664 πειράσομαι.

112 1682 169 1723 Tb
189 1677 269 1735 μὲν
289 1677 370 1721 οὖν
391 1679 595 1734 ἐπίορκον
614 1680 686 1721 καὶ
706 1679 891 1720 ἄπιστον
916 1682 1078 1732 καλεῖν,
1103 1679 1209 1720 ἄνευ
1235 1684 1312 1720 τοῦ
1333 1679 1383 1719 τὰ

31 1749 326 1805 ,πεπραγμένα
358 1750 597 1804 δεικνύναι,
629 1751 858 1803 λοιδορίαν
889 1745 1005 1791 εἶναί
1034 1765 1097 1798 τις
1124 1748 1178 1790 ἂν
1205 1750 1384 1802 φήσειεν

32 1822 181 1876 ,κενὴν
201 1821 393 1870 δικαίως·
419 1822 467 1862 τὸ
490 1821 537 1862 δὲ
557 1819 692 1862 πάνθ’
715 1820 795 1862 ὅσα
814 1819 976 1862 πώποτ’
996 1818 1151 1873 ἔπραξε
1178 1817 1376 1869 διεξιόντ’

49 1889 116 1947 ἐφ’
147 1892 280 1933 ἅπασι
305 1891 477 1940 τούτοις
503 1890 707 1945 ἐλέγχειν,
737 1891 807 1932 καὶ
833 1890 1015 1945 βραχέος
1042 1892 1176 1943 λόγου
1204 1891 1385 1944 συμβαί-

34 1978 116 2004 ,νει
130 1963 320 2015 δεῖσθαι,
339 1960 409 2002 καὶ
431 1963 558 2003 δυοῖν
577 1961 686 2016 ἕνεχ’
707 1963 895 2015 ἡγοῦμαι
913 1960 1153 2014 συμφέρειν
1167 1962 1385 2014 εἰρῆσθαι,

49 2039 129 2075 τοῦ
159 2030 194 2074 τ’
228 2031 409 2087 ἐκεῖνον,
441 2032 544 2086 ὅπερ
576 2032 647 2073 καὶ
681 2029 842 2086 ἀληθὲς
866 2032 1063 2086 ὑπάρχει,
1091 2033 1264 2085 φαῦλον
1291 2033 1386 2084 φαί-

49 2107 228 2155 νεσθαι,
259 2101 330 2144 καὶ
362 2104 464 2152 τοὺς
496 2102 987 2157 ὑπερεκπεπληγμένους
1013 2103 1069 2150 ὡς
1098 2102 1264 2155 ἄμαχόν
1289 2117 1387 2142 τινα

49 2174 127 2215 τὸν
143 2176 366 2215 Φίλιππον
386 2173 511 2227 ἰδεῖν,
524 2173 590 2214 ὅτι
610 2173 750 2214 πάντα
765 2171 1076 2225 διεξελήλυθεν
1097 2166 1162 2221 οἷς
1174 2173 1387 2225 πρότερον

51 2246 434 2297 παρακρουόμενος
459 2243 591 2298 μέγας
612 2243 795 2297 ηὐξήθη,
821 2243 892 2284 καὶ
911 2244 1020 2295 πρὸς
1039 2243 1176 2296 αὐτὴν
1198 2243 1288 2295 ἥκει
1308 2243 1387 2295 τὴν

119 2319 291 2351 Βικοετιι.,
302 2319 392 2344 v01.1
1178 2315 1198 2345 2
