1689 2531
135 81 194 126 VI]
578 80 705 112 ΚΑΤΑ
731 79 984 112 ΦΙΛΙΠΠΟΤ
1009 80 1038 112 Β
1420 77 1476 118 63

135 182 271 218 ταῦτα
295 173 539 230 πράξαντας
568 173 696 216 ταῦθ’
729 174 755 216 ἃ
780 173 938 224 πάντες
964 173 1048 216 αἰεὶ
1073 174 1297 229 γλίχονται
1324 172 1480 228 λέγειν,

137 245 264 297 ἀξίως
295 243 332 288 δ’
365 245 509 296 οὐδεὶς
547 247 685 288 εἰπεῖν
720 245 973 300 δεδύνηται,
1007 245 1158 299 διόπερ
1193 243 1310 299 κάγὼ
1343 259 1479 299 παρα-

137 319 271 368 λείψω
310 318 485 366 δικαίως
517 315 627 374 (ἔστι
659 316 742 371 γὰρ
774 319 948 369 μείζονα
979 315 1192 357 τάκείνων
1222 313 1328 370 ἔργα
1357 314 1382 369 ἢ
1422 315 1478 365 ὡς

135 393 195 446 τῷ
221 389 334 445 λόγῳ
366 403 430 438 τις
463 387 517 429 ἂν
549 386 702 442 εἴποι),
732 389 834 437 τοὺς
867 387 914 429 δὲ
944 388 1149 440 Θηβαίων
1180 386 1252 428 καὶ
1274 384 1479 440 Ἀργείων

101 477 116 503 5
136 460 382 514 προγόνους
407 460 510 508 τοὺς
535 458 615 511 μὲν
637 458 1040 512 συστρατεύσαντας
1060 462 1118 515 τῷ
1137 457 1358 514 βαρβάρῳ,
1377 458 1479 506 τοὺς

137 527 174 571 δ’
207 529 288 572 οὐκ
319 527 676 579 ἐναντιωθέντας.
721 524 842 570 οἶδεν
881 525 963 570 οὖν
999 527 1272 583 ἀμφοτέρους
1310 528 1399 585 ἰδίᾳ
1430 528 1478 570 τὸ
1508 542 1550 572 12

137 603 395 642 λυσιτελοῦν
427 600 748 654 ἀγαπήσοντας,
780 599 859 655 οὐχ
888 600 910 641 ὅ
935 615 976 640 τι
1010 600 1206 641 συνοίσει
1238 605 1364 654 κοινῇ
1389 605 1479 648 τοῖς

138 669 316 725 ’Ἑλλησι
338 670 642 724 σκεψομένους.
668 668 800 725 ἡγεῖτ’
827 667 921 725 οὖν,
947 670 1084 722 εἶμεν
1104 670 1213 723 ὑμᾶς
1234 669 1389 724 ἕλοιτο,
1409 671 1480 724 φί-

137 745 239 792 λους
266 741 335 784 ἐπὶ
360 749 449 791 τοῖς
476 742 660 791 δικαίοις
686 743 967 797 αἱρήσεσθαι,
1000 743 1036 783 εἰ
1069 739 1106 783 δ’
1140 740 1321 791 ἐκείνοις
1347 742 1480 795 πρόσ-

84 830 117 856 10
136 816 277 868 θοιτο,
303 814 543 867 συνεργοὺς
564 812 676 863 ἕξειν
695 819 769 866 τῆς
791 811 948 854 ἑαυτοῦ
970 811 1232 862 πλεονεξίας.
1265 812 1338 854 διὰ
1356 809 1474 853 ταῦτ’

138 882 330 933 ἐκείνους
350 881 452 925 ἀνθ’
477 883 601 936 ὑμῶν
626 884 697 925 καὶ
717 884 813 925 τότε
833 883 904 925 καὶ
923 889 1009 925 νῦν
1029 884 1223 936 αἱρεῖται.
1251 883 1302 925 οὐ
1323 883 1405 937 γὰρ
1428 883 1480 937 δὴ

66 958 116 993 69
135 956 324 1009 τριήρεις
343 952 382 1009 γ’
403 954 484 1011 ὁρᾷ
503 956 678 1004 πλείους
699 954 846 1004 αὐτοῖς
863 954 867 1009 Ι
884 953 909 1008 ἢ
930 954 1035 1006 ὑμῖν
1050 954 1200 1003 οὔσας·
1227 951 1320 995 οὐδ’
1341 952 1388 995 ἐν
1402 954 1482 1006 μὲν

137 1032 189 1081 τῇ
213 1027 418 1082 μεσογείᾳ
441 1022 523 1067 τιν’
553 1024 690 1080 ἀρχὴν
715 1025 919 1080 ηὕρηκεν,
944 1031 1017 1078 τῆς
1045 1022 1083 1066 δ’
1110 1023 1178 1066 ε’πὶ
1204 1031 1255 1080 τῇ
1286 1024 1482 1081 θαλάττῃ

137 1097 209 1138 καὶ
222 1103 309 1138 τῶν
325 1094 545 1150 ἐμπορίων
559 1095 820 1150 ἀφέστηκεν·
841 1095 935 1138 οὐδ’
956 1095 1197 1149 ἀμνημονεῖ
1209 1097 1310 1145 τοὺς
1326 1096 1482 1149 λόγους

85 1185 117 1210 15
138 1167 242 1209 οὐδὲ
261 1167 335 1216 τὰς
355 1166 623 1222 ὑποσχέσεις,
642 1164 709 1220 ἐφ’
730 1162 797 1216 αἷς
816 1173 890 1221 τῆς
911 1168 1083 1220 εἰρήνης
1106 1164 1269 1221 ἔτυχεν.

201 1235 326 1280 Ἀλλὰ
351 1238 406 1292 νὴ
433 1235 531 1292 Δί’,
556 1237 670 1279 εἴποι
695 1253 759 1287 τις
787 1236 841 1279 ἂν
866 1238 922 1287 ὡς
948 1237 1089 1278 πάντα
1114 1234 1230 1278 ταῦτ’
1262 1237 1404 1292 εἰδώς,
1430 1237 1482 1279 οὐ
1511 1250 1553 1281 13

139 1307 388 1359 πλεονεξίας
415 1306 523 1350 ἕνεκ’
551 1306 644 1350 οὐδ’
671 1305 733 1350 ὧν
754 1307 836 1362 ἐγὼ
857 1314 1081 1362 κατηγορῶ
1101 1308 1198 1349 τότε
1217 1305 1335 1349 ταῦτ’
1355 1306 1484 1363 ἔπρα-

139 1379 224 1434 ξεν,
250 1378 359 1421 ἀλλὰ
390 1383 449 1436 τῷ
476 1380 723 1433 δικαιότερα
756 1381 857 1428 τοὺς
888 1380 1106 1433 Θηβαίους
1131 1378 1156 1432 ἢ
1184 1378 1293 1431 ὑμᾶς
1319 1378 1483 1429 ἀξιοῦν.

140 1449 249 1492 ἀλλὰ
274 1456 434 1492 τοῦτον
459 1450 531 1491 καὶ
558 1451 697 1503 μόνον
722 1450 899 1491 πάντων
925 1457 1012 1491 τῶν
1039 1451 1182 1504 λόγων
1209 1449 1289 1491 οὐκ
1314 1447 1484 1491 ἔνεστιν

87 1538 122 1563 20
141 1520 258 1578 αὐτῷ
276 1527 362 1562 νῦν
383 1522 537 1563 εἰπεῖν·
559 1521 581 1563 ὁ
602 1521 684 1575 γὰρ
705 1523 949 1574 ΛΙεσσήνην
968 1521 1341 1573 Λακεδαιμονίους
1361 1520 1484 1574 ἀφιέ-

138 1607 211 1633 ναι
231 1592 423 1634 κελεύων
443 1599 532 1642 πῶς
557 1591 610 1633 ἂν
631 1589 893 1646 Ὀρχομενὸν
912 1591 983 1632 καὶ
1004 1591 1261 1645 Κορώνειαν
1281 1592 1376 1633 τότε
1401 1595 1484 1645 Θη-

139 1663 281 1716 βαίοις
313 1663 537 1717 παραδοὺς
568 1668 626 1720 τῷ
661 1663 806 1704 δίκαια
837 1663 1029 1714 νομίζειν
1054 1659 1172 1703 ταῦτ’
1199 1658 1310 1704 εἶναι
1336 1677 1484 1704 πεποι-

139 1731 289 1786 ηκέναι
315 1735 545 1787 σκήψαιτο;

205 1800 309 1845 Ἀλλ’
336 1802 522 1858 ἐβιάσθη
548 1804 603 1858 νὴ
624 1805 713 1846 Δία
740 1802 888 1858 (τοῦτο
909 1803 990 1857 γάρ
1013 1801 1107 1845 ἐσθ’
1130 1802 1393 1859 ὑπόλοιπον)
1414 1803 1484 1844 καὶ
1512 1817 1555 1846 14

89 1891 122 1917 25
142 1874 260 1929 παρὰ
284 1874 476 1929 γνώμην,
499 1881 588 1916 τῶν
619 1878 846 1916 Θετταλῶν
873 1874 1038 1916 ἱππέων
1064 1875 1135 1916 καὶ
1163 1881 1251 1916 τῶν
1281 1876 1486 1928 Θηβαίων

143 1944 333 1986 ὁπλιτῶν
364 1943 412 1986 ἐν
443 1944 557 2002 μέσῳ
595 1946 802 1999 ληφθείς,
840 1946 1114 2000 συνεχώρησε
1146 1951 1291 1987 ταῦτα.
1335 1948 1486 1994 καλῶς.

144 2015 308 2057 οὐκοῦν
340 2016 476 2070 φασὶν
507 2016 587 2068 μὲν
619 2016 792 2068 μέλλειν
824 2016 930 2070 πρὸς
963 2018 1065 2065 τοὺς
1101 2017 1319 2069 Θηβαίους
1352 2015 1487 2057 αὐτὸν

144 2086 346 2136 ὑπόπτως
368 2084 498 2141 ἔχειν,
522 2087 593 2128 καὶ
614 2090 897 2140 λογοποιοῦσι
917 2088 1139 2140 περιόντες
1159 2087 1274 2136 τινες
1295 2087 1350 2136 ὡς
1365 2084 1486 2127 Ἐλά-

144 2172 264 2198 τειαν
283 2164 441 2212 τειχιεῖ.
476 2157 498 2199 ὁ
521 2157 722 2199 δὲταῦτα
748 2157 828 2209 μὲν
853 2156 997 2210 μέλλει
1023 2158 1095 2199 καὶ
1120 2159 1321 2211 μελλήσει
1347 2155 1404 2212 γ’,
1429 2157 1485 2207 ὡς
1514 2169 1555 2199 15

92 2244 125 2269 30
146 2225 228 2281 ἐγὼ
260 2229 414 2282 κρίνω,
451 2235 541 2277 τοῖς
573 2229 843 2281 Μεσσηνίοις
876 2228 924 2269 δὲ
958 2228 1029 2269 καὶ
1060 2235 1150 2277 τοῖς
1179 2226 1384 2282 Ἀργείοις
1418 2226 1485 2269 ἐπὶ
