1689 2531
91 380 137 415 17

125 463 140 489 5

107 817 140 842 10

109 1170 140 1196 15

110 1525 142 1550 20

161 69 189 112 1]
641 67 964 101 οΛΤΝΘΙΑΚοΣ
989 68 1020 99 A
1450 64 1502 106 15

163 164 273 206 ἀλλὰ
298 164 384 218 μὴν
410 163 537 217 ἡλίκα
563 160 600 217 γ’
627 162 747 205 ἐστὶν
773 164 824 205 τὰ
845 161 1023 218 διάφορ’
1049 161 1197 205 ἐνθάδ’
1225 162 1251 216 ἢ
1271 160 1355 203 ’κεῖ
1379 164 1504 203 πολε-

160 242 273 290 μεῖν,
294 231 397 276 οὐδὲ
413 235 546 288 λόγου
561 235 773 289 προσδεῖν
793 233 993 288 ἡγοῦμαι.
1020 235 1057 275 εἰ
1075 234 1154 288 γὰρ
1177 233 1288 288 ὑμᾶς
1308 234 1505 286 δεήσειεν

161 306 321 354 αὐτοὺς
351 302 578 359 τριάκονθ’
610 304 771 359 ἡμέρας
803 307 938 359 μόνας
966 303 1045 355 ἔξω
1073 303 1303 358 γενέσθαι,
1335 302 1406 345 καὶ
1434 302 1506 345 ὅσ’

160 374 325 430 ἀνάγκη
353 375 630 432 στρατοπέδῳ
657 375 908 431 χρωμένους
933 383 1022 416 τῶν
1049 375 1095 416 ἐκ
1120 382 1194 429 τῆς
1220 376 1361 430 χώρας
1401 378 1505 429 λαμ-

160 447 325 501 βάνειν,
357 447 544 501 μηδενὸς
570 447 698 496 ὄντος
725 446 772 488 ἐν
798 447 907 502 αὐτῇ
933 448 1144 501 πολεμίου
1171 445 1298 500 λέγω,
1330 444 1505 487 πλείον’

159 517 214 560 ἄν
240 513 361 572 οἶμαι
388 521 659 572 ζημιωθῆναι
691 519 794 566 τοὺς
822 523 1126 572 γεωργοῦντας
1152 517 1276 570 ὑμῶν
1302 516 1327 570 ἢ
1354 515 1417 558 ὅσ’
1444 517 1506 565 εἰς

160 589 329 630 ἅπαντα
363 590 441 630 τὸν
475 590 558 643 πρὸ
595 595 673 629 τοῦ
706 590 896 643 πόλεμον
929 587 1250 642 δεδαπάνησθε.
1301 588 1337 629 εἰ
1371 585 1417 628 δὲ
1452 587 1505 640 δὴ

160 660 348 714 πόλεμός
380 675 444 708 τις
476 658 586 713 ἥξει,
619 661 732 700 πόσα
765 660 845 713 χρὴ
879 661 1056 713 νομίσαι
1087 659 1401 713 ζημιώσεσθαις
1434 657 1505 699 καὶ

160 729 374 783 πρόσεσθ’
405 730 430 784 ἡ
463 730 591 785 ὕβρις
623 729 693 771 καὶ
726 727 794 771 ἔθ’
826 731 851 784 ἡ
883 737 971 772 τῶν
1005 730 1272 784 πραγμάτων
1305 729 1505 783 αἰσχύνη,

161 801 366 854 οὐδεμιᾶς
392 800 582 843 ἐλάττων
609 802 732 854 ζημία
759 808 848 850 τοῖς
876 817 923 854 γε
951 802 1189 855 σώφροσιν.

221 871 376 913 Πάντα
400 873 453 926 δὴ
479 877 615 913 ταῦτα
642 872 709 913 δεῖ
730 873 993 921 συνιδόντας
1013 872 1206 920 ἅπαντας
1225 873 1411 925 βοηθεῖν
1433 871 1505 912 καὶ

161 941 360 984 ἀπωθεῖν
375 941 511 983 ἐκεῖσε
525 942 602 983 τὸν
623 943 827 995 πόλεμον,
848 944 950 991 τοὺς
969 939 1049 995 μὲν
1070 941 1299 996 εὐπόρους,
1319 940 1376 983 ἵν’
1395 939 1504 996 ὑπὲρ

163 1021 252 1054 τῶν
283 1017 460 1055 πολλῶν
492 1008 555 1054 ὧν
588 1016 729 1062 καλῶς
764 1019 993 1061 ποιοῦντες
1029 1015 1176 1067 ἔχουσι
1211 1011 1327 1067 μίκρ’
1358 1012 1506 1054 ἀναλί-

163 1095 340 1133 σκοντες
373 1084 424 1124 τὰ
457 1082 574 1125 λοίπ’
609 1083 747 1132 ἀδεῶς
778 1091 1041 1137 καρπῶνται,
1071 1085 1173 1132 τοὺς
1205 1081 1243 1124 δ’
1276 1083 1324 1124 ἐν
1348 1083 1506 1139 ἡλικία,

161 1155 235 1196 ἰ’να
267 1155 347 1208 τὴν
380 1161 458 1196 τοῦ
491 1158 698 1209 πολεμεῖν
730 1154 957 1208 ἐμπειρίαν
985 1152 1031 1196 ἐν
1057 1161 1107 1209 τῇ
1139 1155 1362 1195 Φιλίππου
1388 1155 1507 1208 χώρα

161 1225 422 1280 κτησάμενοι
455 1223 638 1279 φοβεροὶ
674 1225 865 1278 φύλακες
896 1231 971 1278 τῆς
1004 1226 1164 1274 οἰκείας
1199 1224 1403 1280 ἀκεραίου
1437 1224 1505 1279 γε’-

160 1311 342 1349 νωνται,
377 1297 479 1345 τοὺς
505 1294 552 1337 δὲ
581 1295 804 1349 λέγοντας,
838 1295 892 1337 ἵν’
928 1296 976 1336 αἱ
1004 1303 1091 1337 τῶν
1124 1295 1506 1350 πεπολιτευμένων

161 1367 309 1416 αὐτοῖς
330 1367 518 1408 εὔθυναι
540 1366 688 1422 ῥᾴδιαι
718 1366 944 1421 γένωνται,
971 1367 1029 1416 ὡς
1055 1366 1174 1409 ὁποῖ’
1200 1365 1288 1408 ἄττ’
1315 1365 1370 1409 ἂν
1395 1367 1508 1421 ὑμᾶς

161 1443 340 1492 περιστῇ
367 1439 418 1479 τὰ
444 1438 688 1492 πράγματα,
715 1444 906 1479 τοιοῦτοι
934 1436 1076 1492 κριταὶ
1104 1436 1175 1479 καὶ
1202 1445 1290 1478 τῶν
1315 1453 1507 1491 πεπραγ-

162 1508 306 1563 μένων
332 1509 480 1558 αὐτοῑς
506 1507 672 1550 ἔσεσθε.
718 1509 880 1563 χρηστὰ
907 1506 946 1549 δ’
974 1513 1038 1563 εἴη
1064 1510 1226 1558 παντὸς
1253 1510 1407 1550 εἵνεκα.

1532 171 1574 202 27

1532 880 1575 912 28
