1689 2531
71 48 112 91 X]
516 47 642 79 ΚΑΤΑ
668 46 921 79 ΦΙΛΙΠΠΟΤ
946 48 976 78 Δ
1334 45 1414 86 131

70 143 226 196 εἰπεῖν,
256 142 309 183 τὰ
339 139 439 196 παρ’
471 141 620 183 οὐδέσι
651 141 820 183 τούτων
855 140 1004 196 ἀρχεῖα
1036 141 1107 182 καὶ
1137 139 1412 196 βουλευτήρι’

70 210 291 267 ἐρημότερ’
329 213 384 254 ἄν
409 228 473 262 τις
506 212 593 254 ἰ’δοι
619 219 708 254 τῶν
727 210 994 266 Ἑλληνικῶν
1025 213 1290 266 πραγμάτων
1315 212 1340 267 ἢ
1367 213 1420 254 τὰ

69 281 168 338 παρ’
199 284 315 337 ἡμῖν,
341 284 532 333 εἰκότως·
559 283 659 325 οὔτε
685 284 768 337 γὰρ
796 286 939 337 φιλῶν
960 283 1060 325 οὔτε
1080 283 1298 325 πιστεύων
1318 283 1419 325 οὔτε

70 354 345 409 φοβούμενος
378 353 522 403 οὐδεὶς
554 354 659 408 ἡμῖν
692 354 947 408 διαλέγεται.
997 354 1138 395 αἴτιον
1172 355 1219 396 δὲ
1250 355 1419 396 τούτων
1445 366 1490 396 54

34 443 49 468 5
71 425 150 480 οὐχ
176 424 225 466 ἓν
251 421 283 465 ὦ
311 425 466 479 ἄνδρες
481 422 702 478 Ἀθηναῖοι
724 423 900 481 (ῥᾴδιον
919 425 1001 480 γὰρ
1024 424 1078 466 ἂν
1097 422 1153 479 ἦν
1172 425 1275 479 ἡμῖν
1294 441 1420 478 μετα-
1438 436 1510 461 IX?

68 494 242 551 θείνει),
262 495 371 537 ἀλλὰ
389 496 528 537 πολλὰ
548 496 618 537 καὶ
638 496 895 537 παντοδαπὰ
910 494 955 537 ἐκ
969 497 1129 546 παντὸς
1144 496 1421 550 ἡμαρτημένα

68 572 147 608 τοῦ
167 567 343 621 χρόνου,
362 563 425 608 ὧν
443 567 492 607 τὸ
513 563 613 607 καθ’
639 565 823 608 ἕκαστον
844 565 982 620 ἐάσας,
1004 568 1063 616 εἰς
1084 567 1106 608 ὃ
1127 567 1268 608 πάντα
1287 568 1420 608 τείνει

70 636 194 691 λέξω,
228 637 402 691 δεηθεὶς
428 637 570 691 ὑμῶν,
602 636 656 678 ἂν
689 637 798 691 λε’γω
832 637 1000 691 τάληθῆ
1037 639 1142 690 μετὰ
1167 639 1422 692 παρρησίας,

71 708 207 761 μηδὲν
239 708 471 763 ἄχθεσθαι.
515 707 729 762 πέπραται
761 709 813 749 τὰ
840 706 1104 763 συμφέροντ’
1137 706 1204 763 ἐφ’
1237 707 1420 751 ἑκάστου
1440 720 1530 746 1x39

18 796 51 820 ιο
70 785 159 820 τῶν
184 786 361 834 καιρῶν,
391 779 462 820 καὶ
489 776 772 834 μετειλήφαθ’
804 779 926 831 ὑμεῖς
951 780 1031 832 μὲν
1056 780 1136 834 τὴν
1163 780 1324 834 σχολὴν
1351 779 1422 821 καὶ

70 850 151 904 τὴν
176 851 375 905 ἡσυχίαν,
400 848 477 905 ὑφ’
510 847 573 892 ὧν
598 851 882 904 κεκηλημένοι
907 858 997 900 τοῖς
1024 850 1254 892 ἀδικοῦσιν
1281 850 1332 892 οὐ
1353 865 1422 891 πι-

71 927 182 975 κρῶς
209 918 337 976 ἔχετε,
363 920 501 975 ἕτεροι
529 922 575 963 δὲ
601 922 675 971 τὰς
701 922 825 974 τιμὰς
852 920 1010 976 ἔχουσι.
1043 922 1113 963 καὶ
1140 923 1191 963 τὰ
1217 922 1297 974 μὲν
1323 922 1421 974 περὶ
1448 933 1490 963 55

0 994 51 1030 46
71 989 189 1032 τᾶλλ’
221 991 301 1033 οὐκ
327 991 450 1042 ἄξιον
476 991 670 1042 ἐξετάσαι
690 998 792 1033 νῦν·
813 990 904 1034 ἀλλ’
932 991 1109 1034 ἐπειδάν
1125 991 1129 1049 Ι
1145 1009 1186 1033 τι
1206 1000 1294 1034 τῶν
1314 994 1421 1046 πρὸς
1442 992 1545 1058 9ξὲζέ

77 1063 297 1104 Φίλιππον
330 1061 510 1120 ἐμπέσῃ,
536 1063 673 1112 εὐθὺς
706 1062 893 1112 ἀναστάς
919 1079 982 1112 τις
1017 1063 1150 1117 λέγει,
1182 1064 1237 1113 ὡς
1271 1064 1322 1104 οὐ
1356 1064 1423 1105 δεῖ

20 1152 52 1176 15
73 1136 222 1187 ληρεῖν
249 1133 352 1175 οὐδὲ
377 1134 566 1188 γράφειν
592 1135 796 1188 πόλεμον,
821 1135 1034 1187 παραθεὶς
1061 1134 1225 1183 εὐθέως
1253 1133 1346 1188 ἑξῆς
1373 1135 1421 1175 τὸ

71 1205 151 1258 τὴν
184 1206 363 1259 εἰρήνην
394 1207 518 1258 ἄγειν
551 1205 606 1254 ὡς
639 1204 813 1259 ἀγαθὸν
845 1205 915 1246 καὶ
951 1207 999 1247 τὸ
1026 1205 1204 1259 τρέφειν
1230 1205 1423 1259 μεγάλην

73 1275 263 1328 δύναμιν
289 1276 345 1325 ὡς
371 1277 579 1330 χαλεπόν,
612 1277 682 1317 καὶ
709 1276 986 1330 ,διαρπάζειν
1011 1276 1125 1325 τινες
1151 1277 1203 1317 τὰ
1229 1278 1423 1330 χρήματα

72 1347 345 1401 βούλονται“,
370 1347 441 1387 καὶ
467 1347 625 1396 ἄλλους
653 1348 809 1400 λόγους
837 1347 893 1396 ὡς
921 1341 1016 1388 οἷόν
1042 1344 1075 1388 τ’
1099 1346 1423 1400 ἀληθεστάτους

77 1416 292 1471 λέγουσιν.
331 1417 440 1458 ἀλλὰ
473 1418 539 1459 δεῖ
572 1418 712 1471 δήπου
745 1419 825 1472 τὴν
857 1418 936 1469 μὲν
970 1419 1149 1472 εἰρήνην
1187 1419 1311 1471 ἄγειν
1344 1418 1422 1473 οὐχ
1450 1430 1493 1460 56

20 1505 54 1530 20
73 1487 183 1540 ὑμᾶς
209 1489 396 1542 πείθειν,
422 1490 464 1530 οἳ
489 1488 768 1541 πεπεισμένοι
795 1488 1010 1542 κάθησθε,
1035 1487 1144 1529 ἀλλὰ
1170 1489 1248 1530 τὸν
1267 1490 1318 1530 τὰ
1345 1495 1423 1530 τοῦ

73 1558 264 1611 πολέμου
297 1559 543 1613 πράττοντα
577 1559 650 1614 (ἂν
682 1560 764 1613 γὰρ
799 1557 962 1608 ἐκεῖνος
988 1563 1169 1614 πεισθῇ,
1195 1559 1246 1600 τά
1272 1557 1311 1613 γ’
1343 1559 1416 1613 αφ’

73 1629 197 1681 ὑμῶν
223 1629 444 1685 ὑπάρχει)·
471 1632 662 1682 νομίζειν
690 1628 726 1671 δ’
760 1625 871 1671 εἶναι
898 1631 1060 1684 χαλεπὰ
1087 1630 1165 1684 οὐχ
1193 1628 1256 1672 ὄσ’
1289 1630 1343 1672 ἂν
1364 1633 1423 1680 εἰς

75 1701 293 1754 σωτηρίαν
329 1701 610 1755 δαπανῶμεν,
644 1699 735 1742 ἀλλ’
778 1701 803 1742 ἃ
835 1701 1094 1754 πεισόμεθα,
1131 1700 1185 1742 ἂν
1217 1702 1273 1755 μὴ
1300 1705 1418 1742 ταῦτ’

75 1769 296 1823 ἐθέλωμεν
328 1778 489 1825 ποιεῖν,
520 1772 591 1812 καὶ
627 1773 675 1813 τὸ
703 1773 1102 1826 ,,διαρπασθη’σεται
1129 1773 1180 1813 τὰ
1206 1768 1426 1827 χρήματαιι

22 1858 55 1884 25
75 1846 134 1898 τῷ
162 1843 364 1896 φυλακὴν
396 1842 542 1896 εὑρεῖν
575 1840 630 1883 δι’
662 1840 712 1896 ἧς
739 1844 985 1898 σωθήσεται
1012 1843 1216 1897 κωλύειν,
1249 1843 1345 1897 οὐχὶ
1372 1848 1430 1900 τῷ

74 1918 152 1954 τοῦ
180 1912 480 1967 συμφέροντος
507 1913 760 1966 ἀποστῆναι.
793 1914 933 1954 καίτοι
954 1911 1079 1967 ἔγωγ’
1106 1913 1332 1967 ἀγανακτῶ
1354 1915 1424 1956 καὶ
1451 1925 1493 1955 57

75 1988 217 2037 τοῦτο,
243 1984 279 2024 εἰ
306 1984 358 2024 τὰ
383 1984 463 2035 μὲν
489 1986 683 2038 χρήματα
717 1987 844 2025 λυπεῖ
874 1985 995 2033 τινας
1027 1984 1152 2036 ὑμῶν
1179 1986 1214 2026 εἰ
1243 1986 1425 2038 διαρπα-

77 2055 300 2107 σθήσεται,
328 2054 353 2096 ἃ
379 2054 449 2095 καὶ
474 2055 711 2108 φυλάττειν
730 2055 801 2096 καὶ
821 2055 1017 2106 κολάζειν
1036 2057 1137 2104 τοὺς
1159 2055 1425 2109 ἁρπάζοντας

77 2122 144 2177 ἐφ’
187 2124 293 2177 ὑμῖν
331 2123 466 2178 ἐστιν,
505 2126 584 2179 τὴν
618 2123 654 2166 δ’
689 2125 871 2166 Ἑλλάδα
903 2131 1048 2167 πᾶσαν
1081 2124 1232 2179 ἐφεξῆς
1266 2126 1426 2167 οὑτωσὶ

23 2212 57 2237 30
84 2196 298 2245 Φίλιππος
319 2195 520 2249 ἁρπάζων
541 2196 592 2237 οὐ
615 2199 753 2251 λυπεῖ,
778 2196 849 2237 καὶ
862 2194 980 2238 ταῦτ’
1001 2194 1069 2250 ἐφ’
1089 2197 1198 2249 ὑμᾶς
1213 2196 1425 2250 ἁρπάζων.

1213 2266 1258 2299 9*
