1689 2531
113 569 156 599 25

52 912 161 937 XXIII

83 949 133 973 207

113 1066 157 1096 26

112 1563 156 1594 27

185 107 240 147 32
669 108 1041 142 ΔΗΜΟΣΘΕΝΟΤΣ
1464 110 1529 156 [ΠΙ

184 200 220 244 δ’
260 202 283 256 ἢ
317 203 450 257 μύρια
483 201 654 245 τάλαντ’
693 205 752 254 εἰς
784 205 864 259 τὴν
890 204 1130 258 ἀκρόπολιν
1156 204 1392 260 ἀπήγαγον,
1421 205 1531 261 ὑπή-

182 289 313 315 κουεν
340 271 376 314 δ’
409 274 431 316 ὁ
458 274 622 328 ταύτην
641 275 722 329 τὴν
741 275 887 330 χώραν
908 273 1019 330 ἔχων
1039 275 1186 325 αὐτοῖς
1205 276 1423 331 βασιλεύς,
1448 277 1531 318 ὥσ-

182 359 261 399 περ
291 343 379 386 ἐστὶ
406 351 629 399 προσῆκον
648 345 876 399 βάρβαρον
886 344 1078 400 ”Ἐλλησι,
1104 347 1244 388 πολλὰ
1264 347 1311 388 δὲ
1331 347 1402 389 καὶ
1421 348 1531 389 καλὰ

182 416 254 457 καὶ
279 419 380 471 πεζῇ
407 416 478 457 καὶ
503 422 829 470 ναυμαχοῦντες
855 414 1042 470 ἔστησαν
1068 415 1236 470 τρόπαι’
1263 417 1387 459 αὐτοὶ
1408 428 1532 472 στρα-

182 488 422 541 τευόμενοι,
448 488 575 539 μόνοι
603 484 640 528 δ’
667 486 920 541 ἀνθρώπων
946 489 1124 541 κρείττω
1151 489 1231 542 τὴν
1259 487 1328 530 ἐπὶ
1352 495 1442 538 τοῖς
1463 487 1531 544 ἔρ-

182 574 276 612 γοις
303 557 436 608 δόξαν
461 565 550 599 τῶν
577 558 874 612 φθονούντων
899 558 1142 600 κατέλιπον.
1183 557 1250 600 ἐπὶ
1271 559 1351 612 μὲν
1371 560 1423 615 δὴ
1443 567 1532 602 τῶν

177 626 444 682 Ἑλληνικῶν
476 626 587 682 ἦσαν
619 635 822 670 τοιοῦτοι·
859 628 906 670 ἐν
942 629 990 671 δὲ
1025 637 1114 679 τοῖς
1148 631 1255 671 κατὰ
1288 631 1368 685 τὴν
1402 632 1532 673 πόλιν

183 700 321 754 αὐτὴν
335 697 550 741 θεάσασθ’
569 699 725 753 ὁποῖοι,
740 697 787 741 ἔν
801 715 846 741 τε
860 707 949 750 τοῖς
964 707 1127 750 κοινοῖς
1141 701 1212 742 καὶ
1227 699 1275 742 ἑν
1288 708 1377 751 τοῖς
1392 703 1531 752 ἰδίοις,

184 771 370 827 δημοσία
407 771 487 823 μὲν
521 772 676 812 τοίνυν
714 772 1035 824 οἰκοδομήματα
1073 772 1144 812 καὶ
1182 771 1315 826 κάλλη
1353 778 1532 814 τοιαῦτα

182 841 254 882 καὶ
280 847 469 882 τοσαῦτα
494 842 819 883 κατεσκεύασαν
851 842 955 895 ημῖν
988 843 1117 895 ἱερῶν
1149 842 1220 884 καὶ
1246 849 1334 884 τῶν
1360 841 1408 884 ἐν
1432 844 1532 885 τού-

184 928 273 961 τοις
294 911 604 967 ἀναθημάτων,
622 912 732 954 ὥστε
752 912 907 966 μηδενὶ
928 919 1015 954 τῶν
1036 911 1381 967 ἐπιγιγνομένων
1400 913 1531 969 ὑπερ-

183 984 322 1037 βολὴν
343 986 591 1038 λελεῖφθαι·
614 984 704 1040 ἰδία
725 981 761 1024 δ’
789 983 901 1025 οὕτω
918 984 1143 1037 σώφρονες
1157 981 1269 1037 ἦσαν
1283 985 1353 1026 καὶ
1370 984 1521 1039 σφόδρ’

185 1053 232 1096 ἐν
258 1060 316 1111 τῷ
336 1061 410 1108 τῆς
436 1056 654 1104 πολιτείας
680 1055 782 1108 ἤθει
803 1054 1020 1109 με’νοντες,
1046 1055 1155 1096 ὥστε
1175 1053 1530 1109 τὴνἈριστείδου

183 1126 254 1166 καὶ
280 1126 360 1179 τὴν
381 1125 630 1167 ΑΜιλτιάδου
657 1126 728 1166 καὶ
753 1132 842 1167 τῶν
868 1127 963 1167 τότε
991 1129 1198 1179 λαμπρῶν
1224 1127 1379 1180 οἰκίαν,
1405 1127 1445 1168 εἴ
1467 1143 1531 1178 τις

183 1194 249 1249 ἄρ’
276 1192 397 1238 οἶδεν
432 1196 555 1248 ὑμῶν
582 1196 710 1237 ὁποία
736 1194 829 1238 ποτ’
864 1195 1000 1251 ε’στίν,
1027 1197 1108 1253 ὁρᾷ
1133 1203 1206 1250 τῆς
1232 1203 1310 1238 τοῦ
1337 1199 1531 1251 γείτονος

184 1267 317 1309 οὐδὲν
344 1266 609 1321 σεμνοτέραν
636 1264 792 1308 οὖσαν·
819 1267 871 1309 οὐ
898 1268 979 1321 γὰρ
1008 1269 1067 1317 εἰς
1094 1269 1352 1322 περιουσίαν
1379 1267 1532 1323 ἐπράτ-

183 1336 264 1380 τετ’
303 1338 450 1387 αὐτοῖς
483 1338 534 1379 τὰ
565 1344 640 1392 τῆς
672 1339 848 1391 πόλεως,
881 1337 990 1379 ἀλλὰ
1014 1339 1062 1379 τὸ
1090 1340 1242 1380 κοινὸν
1269 1337 1418 1388 αὔξειν
1437 1338 1532 1381 ἕκα-

185 1420 283 1459 στος
309 1407 409 1465 ᾤετο
444 1409 548 1450 δεῖν.
589 1407 634 1450 ἐκ
667 1408 714 1450 δὲ
739 1414 817 1450 τοῦ
844 1410 896 1449 τὰ
921 1409 1000 1461 μὲν
1020 1407 1250 1463 Ἑλληνικὰ
1275 1417 1455 1465 πιστῶς,
1480 1411 1532 1452 τὰ

185 1481 232 1522 δὲ
259 1481 365 1534 πρὸς
392 1481 493 1529 τοὺς
519 1482 653 1529 θεοὺς
680 1480 880 1534 εὐσεβῶς,
905 1480 956 1521 τὰ
984 1478 1020 1521 δ’
1048 1479 1096 1521 ἐν
1121 1479 1268 1530 αὑτοῖς
1295 1480 1397 1530 ἴσως
1424 1482 1531 1523 διοι-

184 1559 278 1594 κεῖν
304 1551 496 1605 μεγάλην
529 1552 702 1600 εἰκότως
736 1548 957 1604 ἐκτήσαντ’
995 1550 1290 1603 εὐδαιμονίαν.
1330 1553 1426 1593 τότε
1451 1552 1531 1605 μὲν

185 1624 238 1677 δὴ
266 1628 423 1663 τοῦτον
448 1622 526 1663 τὸν
546 1622 710 1675 τρόπον
731 1617 816 1676 εἶχε
836 1622 888 1663 τὰ
907 1619 1119 1676 πράγματ’
1152 1620 1345 1677 ἐκείνοις,
1369 1622 1532 1677 χρωμέ-

184 1709 278 1742 νοις
299 1687 362 1742 οἷς
378 1689 501 1734 εἶπον
515 1692 793 1746 προστάταις·
821 1692 923 1733 νυνὶ
938 1692 986 1734 δὲ
996 1699 1085 1742 πῶς
1101 1693 1204 1746 ἡμῖν
1217 1692 1302 1734 ὑπὸ
1323 1700 1410 1734 τῶν
1429 1709 1531 1748 χρη-

186 1771 301 1806 στῶν
337 1771 423 1804 τῶν
458 1769 544 1805 νῦν
578 1764 630 1804 τὰ
670 1761 882 1817 πράγματ’
909 1761 1040 1818 1ἔχει;
1073 1761 1156 1817 ἀρά
1187 1761 1225 1817 γ’
1265 1764 1421 1816 ὁμοίως
1459 1765 1530 1806 καὶ

185 1835 511 1888 παραπλησίωςς
539 1828 582 1875 οῗ
583 1850 602 1884 ς
627 1859 685 1864 —
710 1835 762 1875 τὰ
788 1834 868 1886 μὲν
888 1835 997 1875 ἄλλα
1018 1841 1177 1888 σιωπῶ,
1203 1832 1324 1876 πόλλ’
1346 1834 1400 1876 ἂν
1419 1832 1531 1890 ἔχων

186 1907 343 1959 εἰπεῖν,
374 1903 465 1946 ἀλλ’
505 1905 607 1959 ὅσης
641 1905 825 1954 ἅπαντες
858 1903 974 1959 ὁρᾶτ’
1014 1903 1189 1959 ἐρημίας
1217 1904 1531 1961 ἐπειλημμένοι,

185 1977 256 2018 καὶ
282 1976 643 2028 Λακεδαιμονίων
668 1976 748 2027 μὲν
773 1975 1075 2030 ἀπολωλότων,
1105 1978 1309 2030 Θηβαίων
1336 1973 1371 2017 δ’
1404 1975 1531 2031 ἀσχό-

187 2051 275 2089 λων
302 2048 455 2101 ὄντων,
481 2053 568 2087 τῶν
595 2044 631 2087 δ’
665 2047 809 2088 ἄλλων
836 2046 1016 2096 οὐδενὸς
1048 2048 1173 2096 ὄντος
1200 2046 1406 2102 ἀξιόχρεω
1432 2047 1531 2100 περὶ

185 2125 274 2159 τῶν
305 2118 530 2171 πρωτείων
555 2118 659 2171 ἡμῖν
691 2117 1022 2172 ἀντιτάξασθαι,
1056 2116 1153 2167 ἐξὸν
1187 2115 1223 2158 δ’
1256 2118 1358 2171 ἡμῖν
1383 2118 1454 2158 καὶ
1479 2118 1531 2159 τὰ

186 2186 352 2242 ἡμέτερ’
386 2188 531 2229 αὐτῶν
557 2187 761 2243 ἀσφαλῶς
787 2186 902 2243 ἔχειν
928 2188 999 2229 καὶ
1024 2188 1077 2229 τὰ
1102 2195 1190 2229 τῶν
1215 2189 1359 2229 ἄλλων
1386 2189 1531 2229 δίκαια

1551 862 1585 887 10

1551 1216 1584 1241 15

1550 1570 1585 1595 20

1550 1768 1601 1803 36

1551 1923 1583 1949 25

115 2271 159 2302 28
185 2260 434 2315 βραβεύειν,
459 2259 789 2314 ἀπεστερήμεθα
815 2260 894 2312 μὲν
920 2260 1060 2314 χώρας
1081 2261 1252 2314 οἰκείας,
1278 2260 1409 2301 πλείω
1438 2256 1478 2301 δ’
1503 2259 1528 2314 ἣ
1549 2277 1583 2303 30
