1689 2531
194 125 244 167 13
674 127 1048 161 ΔΗΜΟΣΘΕΝΟΤΣ
1486 129 1536 174 [11

144 234 162 263 6
190 223 396 276 τελευτὴν
421 223 473 263 τὰ
504 222 721 276 πράγματ’
752 223 901 264 αὐτοῦ.
951 222 1035 276 ε’γὼ
1061 223 1143 277 γὰρ
1172 220 1204 264 ὦ
1232 224 1389 278 ἄνδρες
1413 223 1537 278 Ἀθη-

191 300 308 335 ναῖοι
336 292 492 348 σφόδρ’
519 292 574 335 ἂν
600 294 799 347 ἡγούμην
825 293 897 335 καὶ
917 293 1048 342 αὐτὸς
1069 294 1262 348 φοβερὸν
1282 295 1359 336 τὸν
1383 297 1537 336 Φίλιπ-

191 379 276 406 πον
296 363 367 406 καὶ
389 367 663 419 θαυμαστόν,
685 366 723 405 εί
742 365 794 405 τὰ
816 365 962 405 δίκαια
981 363 1219 418 πράττονθ’
1242 364 1390 420 ἑώρων
1409 365 1538 419 ηὐξη-

192 435 343 490 μένον·
382 442 467 477 νῦν
500 436 547 477 δὲ
581 440 769 489 θεωρῶν
803 435 874 476 καὶ
911 443 1088 476 σκοπῶν
1123 435 1308 488 εὑρίσκω
1343 436 1424 490 τὴν
1458 434 1538 488 μὲν

193 506 404 560 ἡμετέραν
437 507 648 560 εὐήθειαν
679 507 727 548 τὸ
761 503 850 547 κατ’
884 505 1036 560 ἀρχάς,
1075 504 1137 547 ὅτ’
1162 505 1424 557 Ὀλυνθίους
1460 508 1538 549 ἀπ-
1560 524 1575 550 5

193 579 388 631 ήλαυνόν
421 593 535 626 τινες
568 577 753 619 ἐνθένδε
779 576 1079 632 βουλομένους
1105 577 1211 630 ὑμῖν
1237 578 1538 633 διαλεχθῆναι,

194 653 253 704 τῷ
279 649 359 702 τὴν
378 648 636 713 Ἀμφίπολιν
663 649 849 702 φάσκειν
874 649 1154 703 παραδώσειν
1178 649 1250 690 καὶ
1276 649 1323 690 τὸ
1344 651 1539 702 θρυλού-

195 721 330 772 μενόν
355 718 451 760 ποτ’
478 720 728 774 ἀπόρρητον
751 719 891 761 έκεῖνο
913 719 1245 773 κατασκευάσαι,
1271 721 1410 776 τούτῳ
1436 735 1541 775 προ-

154 812 161 831 s
195 791 482 843 αγαγόμενον,
514 792 595 845 τὴν
628 789 665 832 δ’
699 789 947 832 Ὀλυνθίων
984 792 1139 844 φιλίαν
1179 791 1284 845 μετὰ
1315 797 1451 832 ταῦτα
1488 795 1545 848 τῷ

195 862 464 902 Ποτείδαιαν
490 858 630 904 οὖσαν
655 860 868 916 ὑμετέραν
895 860 1069 916 ἐξελεῖν,
1085 859 1088 918 Ι
1105 862 1176 903 καὶ
1201 864 1305 911 τοὺς
1331 859 1412 916 μὲν
1435 864 1541 917 πρό·
1562 866 1613 901 20

195 948 322 985 τερον
349 933 603 987 συμμάχους
622 933 734 987 ὑμᾶς
754 932 973 985 ἀδικῆσαι,
993 933 1269 987 παραδοῦναι
1290 930 1325 973 δ’
1347 932 1542 986 ἐκείνοις,
1562 952 1594 976 11

200 1006 443 1053 Θετταλοὺς
470 1002 517 1045 δὲ
544 1010 628 1045 νῦν
653 1005 705 1046 τὰ
731 1007 956 1045 τελευταῖα
976 1009 1034 1059 τῷ
1056 1005 1324 1057 Μαγνησίαν
1342 1005 1543 1057 παραδώ-

196 1086 290 1115 σειν
321 1074 595 1129 ὑποσχέσθαι
628 1075 700 1116 καὶ
726 1075 804 1116 τὸν
834 1074 1036 1116 Φωκικὸν
1064 1075 1256 1126 πόλεμον
1280 1076 1543 1129 πολεμήσειν

196 1143 306 1200 ὑπὲρ
334 1145 481 1187 αὐτῶν
507 1145 817 1196 ἀναδέξασθαι.
868 1145 980 1194 ὅλως
1006 1143 1043 1185 δ’
1077 1145 1224 1194 οὐδεὶς
1255 1147 1375 1187 ἔστιν
1401 1145 1544 1187 ὅντιν’

197 1217 249 1257 οὐ
275 1217 568 1271 πεφενάκικεν
590 1215 754 1265 ἐκεῖνος
773 1223 861 1257 τῶν
882 1216 999 1272 αὐτῷ
1026 1215 1328 1271 χρησαμένων·
1355 1216 1435 1271 τὴν
1459 1217 1542 1270 γὰρ
1564 1234 1596 1260 15

198 1286 392 1329 ἑκάστων
425 1289 580 1329 ἄνοιαν
613 1287 697 1329 αἰεὶ
728 1295 817 1328 τῶν
846 1286 1132 1341 ἀγνοούντων
1158 1287 1294 1328 αὐτὸν
1320 1286 1543 1336 ἐξαπατῶν

150 1370 170 1401 8
196 1359 267 1401 καὶ
294 1359 645 1414 προσλαμβάνων
672 1358 811 1407 οὕτως
835 1358 1019 1412 ηὐξήθη.
1065 1357 1209 1412 ὥσπερ
1237 1354 1319 1399 οὗν
1345 1358 1419 1399 διὰ
1443 1358 1544 1399 τού-

197 1447 286 1472 των
311 1431 430 1485 ἤρθη
457 1430 601 1484 μέγας,
628 1428 741 1484 ἡνίχ’
768 1429 942 1471 ἕκαστοι
963 1428 1193 1483 συμφέρον
1214 1429 1350 1470 αὐτὸν
1374 1427 1544 1478 ἑαυτοῖς

199 1501 337 1558 ᾤοντό
364 1519 404 1543 τι
431 1501 625 1555 πράξειν,
652 1501 790 1549 οὕτως
816 1501 982 1554 ὀφείλει
1009 1501 1082 1541 διὰ
1103 1507 1191 1540 τῶν
1211 1499 1356 1541 αὐτῶν
1375 1500 1544 1541 τούτων

198 1571 269 1614 καὶ
284 1577 612 1627 καθαιρεθῆναι
626 1573 772 1625 πάλιν,
790 1571 938 1625 ἐπειδὴ
953 1568 1087 1613 πάνθ’
1106 1569 1215 1625 ἕνεχ’
1232 1569 1389 1612 ἑαυτοῦ
1402 1578 1544 1612 ποιῶν
1565 1589 1598 1614 20

201 1643 508 1698 ἐξελήλεγκται.
559 1649 716 1698 καιροῦ
748 1641 828 1697 μὲν
861 1643 913 1697 δὴ
944 1640 976 1684 ὦ
1004 1643 1165 1697 ἄνδρες
1190 1641 1413 1695 Ἀθηναῖοι
1438 1642 1546 1697 πρὸς

198 1721 328 1757 τοῦτο
354 1715 536 1767 πάρεστι
567 1716 769 1770 Φιλίππῳ
795 1715 847 1756 τὰ
875 1714 1122 1768 πράγματα·
1153 1712 1178 1766 ἢ
1212 1714 1448 1767 παρελθών
1479 1728 1545 1762 τις

201 1785 308 1840 ἐμοί,
334 1790 502 1837 μᾶλλον
529 1785 567 1826 δ’
600 1786 706 1839 ὑμῖν
733 1786 927 1837 δειξάτω,
954 1785 1012 1834 ὡς
1038 1785 1118 1826 οὐκ
1144 1783 1288 1838 ἀληθῆ
1314 1781 1435 1824 ταῦτ’
1460 1783 1543 1836 ἐγὼ

202 1858 325 1911 λέγω,
352 1857 376 1911 ἢ
404 1857 461 1906 ὡς
488 1858 529 1898 οἱ
555 1858 606 1898 τὰ
631 1855 769 1910 πρῶτ’
799 1855 1113 1910 ἐξηπατημένοι
1139 1856 1190 1896 τὰ
1218 1855 1347 1896 λοιπὰ
1372 1855 1544 1895 πιστεύ-

201 1940 372 1980 σουσιν,
404 1927 429 1981 ἢ
462 1928 518 1976 ὡς
552 1929 593 1969 οἱ
624 1928 740 1981 παρὰ
773 1928 854 1982 τὴν
886 1927 1033 1968 αὑτῶν
1065 1926 1191 1976 ἀξίαν
1223 1924 1544 1979 δεδουλωμένοι
1565 1942 1598 1968 25

205 1997 411 2041 Θετταλοὶ
438 2005 523 2040 νῦν
550 1999 629 2040 οὐκ
655 1998 710 2040 ἂν
737 1998 965 2051 ἐλεύθεροι
992 1995 1191 2051 γένοινθ’
1215 1997 1408 2050 ἅσμενοι.

155 2082 174 2112 9
261 2069 347 2112 Καὶ
374 2070 461 2124 μὴν
488 2069 527 2111 εἴ
550 2086 613 2119 τις
640 2070 763 2122 ὑμῶν
789 2075 924 2111 ταῦτα
955 2067 1036 2123 μὲν
1062 2069 1198 2117 οὕτως
1224 2065 1340 2122 ἔχειν
1364 2067 1544 2121 ἡγεῖται,

203 2141 337 2183 οἴεται
364 2139 411 2182 δὲ
437 2143 513 2197 βία
538 2140 743 2190 καθέξειν
769 2141 904 2182 αὐτὸν
923 2141 974 2181 τὰ
995 2139 1225 2194 πράγματα
1256 2144 1314 2195 τῷ
1335 2139 1388 2179 τὰ
1409 2139 1545 2192 χωρία

202 2211 273 2254 καὶ
307 2211 482 2266 λιμένας
513 2211 586 2253 καὶ
617 2212 668 2252 τὰ
701 2217 882 2252 τοιαῦτα
913 2209 1247 2265 προειληφέναι,
1284 2209 1364 2251 οὐκ
1399 2207 1545 2263 ὀρθῶς

203 2287 351 2325 οἴεται.
402 2283 508 2324 ὅταν
539 2280 619 2335 μὲν
651 2283 732 2336 γὰρ
764 2279 836 2323 ὑπ’
870 2282 1044 2330 εὐνοίας
1076 2282 1127 2322 τὰ
1152 2281 1382 2336 πράγματα
1408 2286 1544 2335 συστῇ
1565 2297 1600 2322 30
