1689 2531
122 505 166 536 34

123 930 165 961 35

125 1358 168 1389 35

128 2211 172 2243 38

194 113 247 154 73
712 113 1014 146 ΗΓΗΣΙΠΠΟΤ
1466 113 1541 157 [vn

191 210 338 266 τηρίω,
359 206 421 251 ὄσ’
443 207 710 262 ἐπιστομιεῖν
724 209 846 263 ἡμᾶς,
859 206 957 262 ἔφη,
976 209 1078 258 τοὺς
1092 208 1208 265 αὐτῷ
1224 207 1544 263 ἀντιλέγοντας,

193 279 269 321 ἐὰν
295 280 320 333 ἡ
348 281 498 334 εἰρήνη
524 279 716 334 γένηται,
740 285 931 321 τοσαῦτα
956 279 1067 332 ὑμᾶς
1093 279 1242 333 ἀγαθὰ
1266 282 1485 334 ποιήσειν·
1517 280 1543 322 ἃ

193 351 382 405 γράφειν
415 350 470 392 ἂν
501 351 604 405 ἤδη,
636 352 672 393 εἰ
704 348 800 409 ᾔδει
832 351 912 405 τὴν
945 352 1125 405 εἰρήνην
1151 348 1374 405 ἐσομένην,
1407 351 1543 405 δῆλον

193 422 249 471 ὡς
282 422 706 477 προκεχειρισμένων
738 422 809 463 καὶ
842 420 1027 474 ἑτοίμων
1060 423 1202 463 ὄντων
1233 428 1321 464 τῶν
1350 421 1546 476 ἀγαθῶν,

194 493 219 534 ἑὲ
241 491 476 545 ἐμέλλομεν
496 495 728 534 πείσεσθαι
749 499 822 547 τῆς
844 494 1017 547 εἰρήνης
1035 492 1283 546 γενομένης.
1308 492 1545 547 γενομένης

194 564 242 605 δὲ
267 570 342 618 τῆς
370 565 556 618 εἰρήνης,
583 564 608 606 ἃ
634 564 714 616 μὲν
742 564 858 618 ἡμεῖς
880 562 1114 616 ἐμέλλομεν
1135 563 1283 618 ἀγαθὰ
1302 565 1545 619 πείσεσθαι,

194 634 393 677 ἐκποδών
415 633 547 689 ἐστιν,
567 636 720 689 φθορὰ
741 635 789 676 δὲ
809 642 897 676 τῶν
912 632 1135 688 Ἑλλήνων
1154 635 1342 689 τοσαύτη
1363 634 1546 689 γέγονεν

195 706 303 760 ὅσην
335 706 458 758 ὑμεῖς
492 706 594 748 ἴστε.
633 706 739 759 ὑμῖν
766 704 802 748 δ’
830 704 878 747 ἐν
904 713 956 761 τῇ
982 712 1067 747 νῦν
1094 704 1298 761 ἐπιστολῇ
1323 706 1547 762 ὑπισχνεῖ-

193 793 276 831 ται,
303 776 380 818 ἐὰν
406 785 496 827 τοῖς
523 778 604 830 μὲν
630 777 766 819 αὐτοῦ
795 778 940 831 φίλοις
962 777 1032 818 καὶ
1052 777 1162 831 ὑπὲρ
1183 777 1320 819 αὐτοῦ
1342 776 1547 832 λέγουσιν

193 849 435 902 πιστεύητε,
462 849 571 902 ἡμᾶς
599 849 646 890 δὲ
673 850 773 898 τοὺς
801 848 1116 902 διαβάλλοντας
1143 848 1279 890 αὐτὸν
1304 849 1412 903 πρὸς
1437 848 1548 902 ὑμᾶς

194 922 517 975 τιμωρήσησθε,
543 920 599 970 ὡς
626 920 790 974 μεγάλα
817 919 1101 974 εὐεργετήσει.
1133 920 1186 961 τὰ
1208 919 1357 972 μέντοι
1378 919 1548 974 εὐεργε-

194 993 360 1044 τήματα
392 997 573 1033 τοιαῦτα
605 989 743 1032 ἔσται·
777 991 878 1032 οὔτε
909 992 962 1032 τὰ
987 991 1173 1045 ὑμέτερα
1199 991 1304 1043 ὑμῖν
1330 990 1549 1033 ἀποδώσει

196 1062 352 1117 (αὑτοῦ
373 1063 455 1116 γάρ
478 1074 615 1116 φησιν
637 1059 782 1118 εἶναι),
802 1060 891 1104 οὔτ’
913 1061 961 1104 ἐν
981 1069 1032 1118 τῇ
1053 1062 1286 1119 οἰκουμένῃ
1308 1062 1350 1104 αἱ
1372 1062 1549 1116 δωρειαὶ

195 1131 383 1188 ἔσονται,
409 1134 482 1175 ἴνα
508 1134 566 1188 μὴ
587 1134 809 1188 διαβληθῇ
831 1134 938 1187 πρὸς
958 1136 1060 1183 τοὺς
1072 1131 1297 1188 ’Έλληναςᾈ
1322 1131 1414 1175 ἀλλ’
1441 1134 1548 1187 ἄλλη

195 1221 258 1254 τις
286 1205 404 1259 χώρα
430 1205 502 1246 καὶ
528 1205 670 1259 ἄλλος,
696 1205 752 1254 ὡς
778 1203 904 1258 ἔοικε,
930 1206 1061 1254 τόπος
1089 1207 1343 1259 φανήσεται,
1368 1201 1420 1246 οὗ
1444 1204 1549 1257 ὑμῖν

196 1277 239 1318 αἱ
267 1276 444 1329 δωρειαὶ
472 1277 754 1330 δοθήσονται.

258 1348 371 1401 Περὶ
393 1345 430 1389 δ’
451 1344 514 1389 ὧν
535 1346 584 1389 ἐν
602 1354 655 1403 τῇ
669 1349 820 1404 εἰρήνῃ
837 1347 988 1401 εἴληφε
1005 1348 1189 1402 χωρίων,
1209 1347 1333 1400 ὑμῶν
1348 1345 1550 1402 ἐχόντων,

196 1419 523 1472 παρασπονδῶν
555 1419 626 1459 καὶ
654 1419 773 1460 λύων
799 1419 880 1472 τὴν
907 1420 1099 1473 εἰρήνην,
1131 1417 1280 1473 ἐπειδὴ
1307 1418 1388 1460 οὐκ
1413 1416 1499 1473 ἔχει
1527 1418 1549 1460 ὅ

196 1504 237 1531 τι
276 1489 387 1547 εἴπῃ,
425 1487 517 1530 ἀλλ’
550 1488 715 1530 ἀδικῶν
754 1496 954 1544 φανερῶς
988 1487 1265 1544 ἐξελέγχεται,
1303 1488 1550 1544 ἐπιτρέπειν

197 1560 335 1614 φησὶν
372 1561 471 1615 περὶ
508 1560 678 1602 τούτων
710 1559 880 1613 ἕτοιμος
912 1555 1025 1602 εἶναι
1057 1560 1136 1616 ἴσῳ
1168 1560 1239 1601 καὶ
1270 1565 1404 1617 κοινῷ
1432 1561 1551 1602 δικα-

198 1632 377 1688 στηρίῳ·
403 1631 502 1685 περὶ
523 1628 585 1672 ὧν
605 1632 755 1684 μόνων
781 1631 915 1673 οὐδὲν
941 1632 1009 1673 δεῖ
1034 1630 1279 1686 ἐπιτροπῆς,
1305 1629 1397 1673 ἀλλ’
1423 1630 1551 1686 ἀριθ-

197 1703 274 1755 μὸς
313 1703 487 1756 ἡμερῶν
526 1701 645 1744 ἐστιν
684 1702 705 1744 ὁ
745 1703 920 1756 κρίνων.
967 1702 1152 1752 ἅπαντες
1190 1703 1273 1757 γὰρ
1307 1702 1433 1755 ἴσμεν
1464 1704 1551 1744 τίνι

197 1773 301 1827 μηνὶ
326 1774 398 1815 καὶ
423 1775 511 1815 τίνι
537 1774 674 1830 ἡμέρᾳ
705 1774 730 1827 ἡ
758 1775 908 1828 εἰρήνη
943 1772 1125 1827 ἐγένετο.
1165 1773 1310 1827 ὥσπερ
1343 1773 1392 1815 δὲ
1416 1779 1552 1815 ταῦτα

198 1845 337 1899 ἴσμεν,
362 1844 540 1886 κάκεῖνα
561 1845 699 1899 ἴσμεν,
724 1846 812 1886 τίνι
838 1845 942 1899 μηνὶ
968 1845 1039 1886 καὶ
1066 1846 1155 1886 τίνι
1180 1844 1318 1902 ἡμέρᾳ
1338 1843 1552 1899 Σέρρειον

197 1923 337 1971 τεῖχος
363 1916 435 1957 καὶ
456 1913 660 1970 Ἐργίσκη
688 1916 759 1957 καὶ
780 1914 918 1969 Ἱερὸν
944 1917 1045 1970 ὅρος
1073 1914 1194 1958 ἑάλω.
1231 1915 1283 1957 οὐ
1312 1916 1364 1970 δὴ
1392 1914 1551 1971 ἀφαΙνῆ

199 1986 319 2029 ἐστιν
350 1987 403 2028 τὰ
437 1986 551 2028 οὕτω
578 1986 845 2042 πραχθέντα,
877 1987 981 2028 οὐδὲ
1006 1988 1187 2041 κρίσεως
1221 1987 1418 2041 δεόμενα,
1443 1985 1552 2028 ἀλλὰ

204 2064 310 2100 πᾶσι
342 2058 559 2112 γνώριμα,
593 2059 774 2110 πότερος
806 2059 1016 2112 πρότερος
1049 2058 1071 2100 ὁ
1104 2059 1191 2112 μήν
1223 2056 1354 2112 ἐστιν,
1387 2055 1435 2098 ἐν
1467 2051 1500 2114 ᾧ
1526 2057 1551 2111 ἡ

199 2131 349 2183 εἰρήνη
378 2128 548 2183 ἐγένετο
574 2128 600 2183 ἣ
629 2128 676 2171 ἐν
703 2124 736 2186 ᾧ
755 2130 808 2170 τὰ
833 2130 969 2184 χωρία
997 2127 1119 2171 ἑάλω.

264 2200 406 2254 Φησὶν
433 2200 481 2242 δὲ
506 2200 578 2242 καὶ
605 2202 706 2250 τοὺς
733 2199 1031 2255 αἰχμαλώτους
1057 2201 1192 2255 ἡμῶν,
1219 2201 1313 2242 ὅσοι
1335 2197 1383 2241 ἐν
1403 2204 1462 2257 τῷ
1476 2214 1553 2242 πο-

201 2271 313 2328 λέμῳ
352 2270 562 2326 ἑάλωσαν,
600 2270 942 2313 ἀποδεδωκέναι·
981 2271 1027 2321 ὃς
1064 2272 1143 2313 τὸν
1174 2271 1254 2324 μὲν
1287 2271 1552 2326 Καρύστιον,

1565 508 1581 535 5

1568 864 1604 889 10

1570 1217 1602 1244 15

1571 1577 1605 1603 20

1572 1919 1622 1954 86

1572 2003 1605 2030 26

1572 2288 1606 2314 ³0
