1689 2531
0 1879 3 1910 k

0 1919 3 1951 !

0 1959 3 1980 ι

102 78 160 121 XI]
493 75 623 108 ΠΡΟΣ
648 75 745 107 THN
772 74 1063 106 ΕΠΙΣΤΟΑΗΝ
1364 70 1444 111 141

102 168 229 214 ἕλοιτ’
262 171 316 213 ἄν
347 187 411 220 τις
443 169 522 225 οὐχ
553 167 685 224 ἧττον
715 169 796 224 τὴν
826 167 1039 223 ἡμετέραν
1071 168 1276 223 εὐτυχίαν
1309 166 1334 221 ἢ
1367 167 1447 221 τὴν

103 241 284 284 ἐκείνου.
315 241 432 296 παρά
455 256 502 283 τε
526 241 608 295 γὰρ
635 247 724 282 τῶν
748 240 981 294 προγόνων
1001 238 1047 281 ἐκ
1067 240 1266 287 πλείονος
1286 238 1448 293 χρόνου
1480 249 1518 279 16

102 314 432 368 παρειλήφαμεν
462 312 543 366 τὴν
574 311 860 363 εὐδαιμονίαν
891 311 944 352 οὐ
969 311 1127 352 τούτου
1154 311 1310 363 μόνον,
1341 307 1450 349 ἀλλὰ

105 384 334 426 συνελόντι
366 382 531 437 φράσαι
563 381 740 424 πάντων
770 388 858 423 τῶν
891 379 939 423 ἐν
964 382 1223 438 [Μακεδονίᾳ
1247 382 1450 433 βασιλευ-

67 472 84 499 5
104 454 292 496 σάντων·
323 452 515 495 κάκεῖνοι
546 452 627 506 μὲν
647 451 890 506 Ἀθηναίοις
924 453 1089 507 φόρους
1114 453 1322 506 ἤνεγκαν,
1353 452 1377 505 ἡ
1406 448 1449 492 δ’
1476 462 1579 487 V1112

102 524 286 580 ἡμετέρα
310 525 434 573 πόλις
460 524 613 566 οὐδενί
635 537 700 564 πω
727 530 816 564 τῶν
841 522 1056 565 ἁπάντων.
1095 521 1157 564 ἔτι
1184 522 1232 564 δὲ
1256 522 1450 578 τοσούτῳ

102 597 278 645 πλείους
313 594 511 649 ἀφορμὰς
554 591 690 636 αὐτοῦ
731 595 838 648 πρὸς
873 595 953 648 τὴν
989 601 1078 635 τῶν
1115 598 1236 635 θεῶν
1274 594 1452 635 εὔνοιαν

103 664 276 722 ἔχομεν,
318 667 404 722 ὅσω
444 667 728 717 διατελοῦμεν
767 664 1051 720 εὐσεβέστερα
1095 665 1166 706 καὶ
1205 665 1452 718 δικαιότερα

103 737 375 792 πράττοντες.
412 738 456 778 τί
480 735 576 778 ποτ’
608 733 691 778 οὖν
717 735 881 785 ἐκεῖνος
908 734 955 777 ἐν
980 741 1038 793 τῷ
1059 735 1254 792 προτέρῳ
1280 735 1452 790 πολέμῳ
1482 746 1521 775 17

50 827 85 853 ιο
103 810 234 850 πλείω
260 808 553 860 κατώρθωσεν
578 808 718 861 ἡμῶν;
745 807 811 848 ὅτι
839 804 871 848 ὦ
899 808 1054 858 ἄνδρες
1072 807 1295 861 Ἀθηναῖοι
1323 806 1450 862 (ζπαρ-
1476 817 1556 842 112³

105 879 364 933 ρησιάσομαι
391 879 473 933 γὰρ
500 879 607 933 πρὸς
633 877 762 932 ὑμᾶς)
790 877 812 919 ὁ
833 877 913 929 μὲν
933 877 1062 927 αὐτὸς
1083 876 1361 931 στρατεύεται
1381 877 1452 918 καὶ

104 953 367 1003 ταλαιπωρεῖ
403 949 474 990 καὶ
511 956 601 998 τοῖς
639 948 863 997 κινδύνοις
901 948 1127 1002 πάρεστιν,
1165 948 1265 989 οὔτε
1300 949 1454 1002 καιρὸν

105 1021 273 1073 παριεὶς
298 1018 398 1062 οὔθ’
431 1021 550 1074 ὥραν
575 1017 698 1068 ἔτους
718 1020 997 1073 παραλείπων
1018 1019 1239 1073 οὐδεμίαν,
1265 1019 1385 1073 ἡμεῖς
1406 1019 1454 1061 δὲ

106 1091 342 1149 (εἰρήσεται
356 1091 437 1145 γὰρ
449 1090 638 1146 τάληθῆ)
652 1088 783 1132 οὐδὲν
794 1096 1021 1139 ποιοῦντες
1037 1088 1198 1131 ἐνθάδε
1210 1091 1456 1145 καθήμεθα,

56 1180 89 1206 15
109 1162 337 1216 μέλλοντες
369 1162 435 1204 ἀεὶ
466 1162 538 1203 καὶ
569 1162 858 1215 ψηφιζόμενοι
890 1161 961 1202 καὶ
993 1161 1324 1213 πυνθανόμενοι
1350 1161 1457 1202 κατὰ
1483 1170 1526 1195 IV
1541 1172 1555 1196 9

15 1237 87 1274 157
109 1234 190 1288 τὴν
224 1232 469 1288 ἄγορὰνῐεῖ
500 1248 541 1274 τι
579 1232 748 1286 λέγεται
782 1232 1008 1286 νεώτερον.
1051 1232 1190 1273 καίτοι
1222 1232 1265 1272 τί
1295 1229 1451 1285 γένοιτ’
1483 1242 1575 1268 1V10

112 1304 166 1346 ἂν
196 1305 411 1359 νεώτερον
442 1303 467 1358 ἢ
502 1304 724 1345 ΝῙακεδὼν
756 1303 866 1357 ἀνὴρ
899 1309 1189 1357 καταφρονῶν
1212 1302 1458 1356 Ἀθηναίων

111 1376 181 1418 καὶ
213 1379 385 1428 τολμῶν
417 1374 643 1423 ἐπιστολὰς
674 1374 859 1426 πέμπειν
889 1374 1090 1423 τοιαύτας
1122 1374 1214 1423 οἵας
1245 1373 1458 1427 ἠκούσατε
1479 1384 1566 1409 IVS?

114 1451 251 1504 μικρῷ
289 1447 521 1500 πρότερον;
565 1446 636 1486 καὶ
673 1450 732 1502 τῷ
763 1445 843 1497 μὲν
880 1445 1153 1499 ὑπάρχουσιν
1189 1445 1461 1498 μισθοφόροι
1490 1454 1530 1485 18

62 1534 95 1560 20
117 1525 385 1572 στρατιῶται,
410 1516 482 1557 καὶ
506 1516 561 1570 νὴ
583 1517 671 1558 Δία
697 1518 804 1568 πρὸς
830 1516 1000 1564 τούτοις
1026 1522 1114 1556 τῶν
1139 1512 1237 1569 παρ’
1262 1516 1366 1569 ἡμῖν
1387 1515 1460 1570 ρη-

114 1589 257 1643 τόρων
281 1587 409 1641 τινές,
440 1589 483 1628 οἳ
507 1588 581 1636 τὰς
607 1585 707 1639 παρ’
740 1585 908 1627 ἐκείνου
937 1586 1099 1640 δωρεὰς
1126 1586 1273 1628 οἴκαδε
1300 1585 1461 1639 λαμβά-
1488 1596 1590 1621 V111‘1

115 1675 211 1701 νειν
241 1660 487 1711 νομίζοντες
520 1659 600 1700 οὐκ
626 1658 907 1711 αἰσχύνονται
937 1658 1138 1713 Φιλίππῳ
1172 1660 1337 1711 ζῶντες,
1362 1654 1454 1699 οὐδ’

117 1729 406 1771 αἰσθάνονται
426 1729 566 1770 πάντα
580 1730 651 1770 καὶ
671 1729 723 1770 τὰ
742 1735 816 1781 τῆς
836 1729 1000 1777 πόλεως
1014 1728 1084 1769 καὶ
1105 1728 1156 1769 τὰ
1177 1735 1303 1782 σφῶν
1317 1727 1462 1769 αὐτῶν

118 1806 275 1855 μικροῦ
304 1802 520 1853 λήμματος
545 1803 804 1848 πωλοῦντες.
842 1799 962 1853 ἡμεῖς
989 1796 1026 1840 δ’
1053 1799 1153 1841 οὔτε
1178 1805 1266 1840 τῶν
1293 1797 1461 1840 ἐκείνου

68 1889 101 1915 25
120 1870 384 1924 πραγμάτων
405 1869 536 1911 οὐδὲν
557 1869 801 1920 στασιάζειν
819 1869 1211 1924 παρασκευάζομεν,
1226 1870 1325 1911 οὔτε
1345 1868 1462 1919 ξενο-
1484 1880 1560 1904 vm
1573 1880 1604 1904 21

120 1948 302 1995 τροφεῖν
328 1939 550 1995 ἐθέλομεν,
576 1941 676 1982 οὔτε
697 1940 1012 1994 στρατεύεσθαι
1032 1944 1267 1992 τολμῶμεν.
1300 1940 1464 1981 οὔκουν
1492 1951 1534 1981 19

123 2010 241 2053 ἐστὶν
267 2012 400 2053 οὐδὲν
421 2012 581 2065 δεινόν,
607 2011 647 2052 εἴ
670 2026 711 2052 τι
731 2010 1097 2064 πεπλεονέκτηκεν
1120 2012 1240 2065 ἡμῶν
1260 2011 1367 2052 κατὰ
1387 2011 1465 2052 τὸν
1490 1997 1564 2023 ¹1²³

121 2083 335 2137 πρότερον
355 2084 558 2136 πόλεμον,
577 2081 686 2123 ἀλλὰ
705 2085 872 2133 μᾶλλον
892 2082 928 2123 εἰ
948 2082 1084 2135 μηδὲν
1104 2087 1331 2131 ποιοῦντες
1350 2082 1465 2135 ἡμεῖς

123 2150 184 2195 ὧν
204 2155 411 2207 προσήκει
431 2155 532 2202 τοὺς
552 2156 862 2207 πολεμοῦντας,
888 2154 1116 2205 νομίζομεν
1136 2154 1368 2207 κρατήσειν
1387 2159 1465 2194 τοῦ

70 2241 104 2266 ³0
123 2224 263 2266 πάντα
287 2224 566 2279 πράττοντος,
591 2223 616 2264 ἃ
643 2224 710 2265 δεῖ
735 2224 835 2273 τοὺς
862 2226 1194 2278 πλεονεκτήσειν
1219 2222 1466 2275 μέλλοντας.
