1689 2531
95 105 181 149 XV1]
476 104 609 136 ΤΠΕΡ
631 103 1061 137 ἈΠΕΓΑΛΟΠΟΛΙΤΩΝ
1357 105 1373 143 1
1383 103 1407 143 8
1414 104 1439 143 ξ)

149 197 271 241 Ἀλλὰ
301 199 356 253 νὴ
388 199 478 241 Δία
509 204 644 240 ταῦτα
675 198 755 251 μὲν
787 197 923 248 οὕτως
956 200 1051 241 δεῖν
1081 197 1197 253 ἔχειν
1229 200 1440 253 φήσομεν,

96 271 245 312 δεινὸν
265 267 302 312 δ’
329 271 378 324 εἰ,
403 270 511 324 πρὸς
531 269 607 318 οὓς
627 267 966 323 παρεταττόμεθ’
992 268 1040 311 ἐν
1060 270 1321 326 ΝῙαντινείςι,
1340 269 1440 311 τού-

95 356 197 390 τους
229 339 480 395 συμμάχους
511 341 796 394 αἱρησόμεθα,
834 336 924 382 εἶτα
956 342 1238 394 βοηθήσομεν
1269 340 1440 389 τούτοις

96 409 255 453 ἐναντί’
276 409 457 461 ἐκείνοις
477 407 575 464 μεθ’
596 407 659 452 ὧν
677 409 763 453 τότ’
784 409 1134 464 ἐκινδυνεύομεν.
1157 410 1286 463 κάμοὶ
1305 416 1440 452 ταῦτα

59 499 75 525 5
96 482 227 536 δοκεῖ,
245 480 536 537 προσδεῖσθαι
563 479 600 522 δ’
626 480 689 523 ἔτι
714 488 794 524 τοῦ
820 483 896 537 »τὰ
923 483 1068 524 δίκαια
1093 489 1236 523 ποιεῖν
1262 480 1441 523 ἐθελόν-

97 569 184 594 των
215 559 304 594 τῶν
335 551 530 607 ἑτέρωνζί.
569 554 605 594 εἰ
637 553 717 605 μὲν
751 554 905 595 τοίνυν
938 552 1228 606 ἐθελήσουσιν
1263 553 1442 606 εἰρήνην

97 623 282 673 ἅπαντες
327 624 464 678 ἄγειν,
507 623 559 665 οὐ
597 625 880 677 βοηθήσομεν
916 631 1006 673 τοῖς
1043 624 1442 677 ΝΙεγαλοπολίταις·

98 694 230 736 οὐδὲν
266 694 350 749 γὰρ
389 695 551 748 δεήσει·
589 692 688 736 ὥστ’
727 691 820 736 οὐδ’
859 694 1010 736 ὁτιοῦν
1040 694 1305 736 ὑπεναντίον
1338 695 1442 748 ἡμῖν

98 763 217 806 ἔσται
248 766 356 819 πρὸς
381 766 485 814 τοὺς
511 764 996 819 συμπαραταξαμένους,
1028 765 1243 819 σύμμαχοι
1270 762 1307 806 δ’
1339 766 1442 818 ἡμῖν

45 854 77 878 ιο
98 837 138 878 οἱ
159 835 240 888 μὲν
259 836 546 891 ὑπάρχουσιν,
564 836 621 885 ὥς
637 848 786 890 φασιν,
806 837 846 878 οἱ
875 836 922 877 δὲ
947 837 1320 889 προσγενήσονται
1339 837 1444 877 νυνί

99 905 188 961 (καὶ
213 907 258 948 τί
283 906 338 948 ἂν
357 908 463 949 ἄλλο
483 906 811 962 βουλοίμεθα;)·
838 905 914 948 ἐὰν
940 904 976 947 δ’
1003 906 1184 947 ἀδικῶσι
1216 906 1287 947 καὶ
1318 910 1443 947 πολε-

97 984 195 1029 μεῖν
216 977 393 1019 οἴωνται
415 978 522 1032 δεῖν,
545 979 581 1019 εἱ
601 978 682 1030 μὲν
701 964 809 1032 υπὲρ
831 978 989 1019 τούτου
1009 978 1148 1030 μόνον
1167 976 1443 1030 βουλευτέον,

1 1051 77 1086 204
100 1049 137 1090 εἰ
162 1049 243 1103 χρὴ
270 1048 484 1102 ΛΙεγάλην
509 1050 638 1090 πόλιν
658 1049 767 1102 ἡμᾶς
787 1047 1003 1102 προέσθαι
1023 1050 1140 1090 Λακε
1155 1048 1396 1100 δαιμονίοις
1415 1047 1441 1101 ἢ

98 1120 168 1173 μή,
200 1119 372 1160 δίκαιον
397 1120 478 1172 μὲν
504 1119 570 1174 οὔ,
596 1126 805 1174 συγχωρῶ
834 1117 871 1159 δ’
904 1116 1029 1173 ἔγωγ’
1062 1117 1184 1159 ἐᾶσαι
1209 1118 1280 1159 καὶ
1306 1118 1443 1172 μηδὲν

46 1207 78 1232 15
100 1188 421 1243 ἐναντιωθῆναι
446 1197 536 1239 τοῖς
563 1206 611 1244 γε
637 1197 726 1231 τῶν
752 1189 897 1231 αὐτῶν
922 1195 1183 1244 μετασχοῦσι
1202 1189 1441 1230 κινδύνων·

99 1261 135 1301 εἰ
169 1257 207 1301 δ’
240 1260 424 1310 ἅπαντες
460 1258 685 1302 ἐπίστασθ’
725 1261 803 1314 ὅτι,
836 1260 1000 1313 ταύτην
1032 1259 1086 1301 ἂν
1120 1258 1290 1314 ἕλωσιν,
1325 1260 1442 1301 ἴασιν

101 1329 170 1372 ἐπὶ
190 1333 446 1385 ΛῙεσσήνην,
472 1331 678 1385 φρασάτω
706 1347 768 1380 τις
796 1329 890 1383 ἐμοὶ
915 1336 1002 1372 τῶν
1024 1337 1110 1372 νῦν
1130 1334 1328 1385 χαλεπῶν
1353 1337 1442 1380 τοῖς

618 1403 627 1416 1
666 1400 674 1414 ³
713 1403 721 1415 f
764 1409 777 1415 -

99 1472 244 1522 οὐδεὶς
275 1471 374 1527 ἐρεῖ.
412 1474 483 1514 καὶ
514 1474 600 1527 μὴν
634 1473 791 1521 πάντες
828 1469 1054 1513 ἐπίστασθ’
1087 1472 1155 1526 ὡς,
1186 1472 1257 1513 καὶ
1289 1486 1442 1526 παραι-

45 1562 77 1586 20
97 1543 298 1585 νούντων
316 1544 485 1585 τούτων
505 1545 575 1585 καὶ
595 1545 665 1597 μή,
690 1543 949 1597 βοηθητέον,
974 1543 1044 1584 καὶ
1073 1543 1144 1584 διὰ
1164 1544 1265 1592 τοὺς
1286 1543 1442 1597 ὅρκους

100 1613 176 1664 οὓς
203 1614 487 1667 ὀμωμόκαμεν
507 1616 777 1668 ΝΙεσσηνίοις
810 1613 880 1654 καὶ
907 1614 979 1655 διὰ
1004 1614 1052 1655 τὸ
1081 1613 1308 1667 συμφέρον
1330 1609 1442 1655 εἶναι

100 1689 400 1727 κατοικεῖσθαι
420 1686 583 1738 ταύτην
603 1686 683 1739 τὴν
702 1686 843 1726 πόλιν.
877 1688 1111 1726 σκοπεῖσθε
1133 1685 1185 1738 δὴ
1205 1685 1312 1738 πρὸς
1332 1685 1441 1736 ὑμᾶς

100 1755 259 1805 αὐτοὺς
291 1756 480 1809 ποτέραν
510 1757 591 1810 τὴν
623 1755 761 1810 ἀρχὴν
792 1757 1000 1797 καλλίονα
1033 1755 1102 1796 καὶ
1131 1758 1443 1809 φιλανθρωπο-

99 1825 230 1880 τέραν
256 1828 495 1879 ποιήσεσθε
521 1833 599 1867 τοῦ
625 1827 682 1880 μὴ
710 1825 955 1880 ἐπιτρέπειν
981 1825 1149 1867 ἀδικεῖν
1174 1827 1443 1878 Λακεδαιμο-

46 1914 78 1939 25
99 1898 223 1951 νίοις,
247 1897 328 1950 τὴν
353 1897 462 1950 ὑπὲρ
484 1897 693 1950 ΛΙεγάλης
724 1898 888 1945 πόλεως
913 1895 939 1949 ἢ
966 1897 1045 1950 τὴν
1065 1896 1173 1949 ὑπὲρ
1195 1898 1442 1949 ιῑΙεσσήνης.

97 1973 182 2008 νῦν
213 1967 293 2019 μέν
324 1982 373 2020 γε
410 1969 597 2020 βοηθεῖν
630 1965 764 2017 δόξετ’
796 1965 993 2020 Ἀρκάσιν
1033 1967 1103 2008 καὶ
1141 1967 1220 2020 τὴν
1265 1968 1443 2020 εἰρήνην

99 2038 360 2089 σπουδάζειν
397 2033 508 2079 εἶναι
542 2039 740 2091 βεβαίαν,
777 2037 886 2091 ὑπὲρ
919 2035 968 2091 ἧς
1004 2036 1338 2078 ἐκινδυνεύσατε
1372 2038 1443 2078 καὶ

98 2108 417 2162 παρετάξασθε·
437 2110 533 2150 τότε
549 2106 585 2150 δ’
607 2109 782 2162 εὔδηλοι
797 2114 931 2149 πᾶσιν
945 2106 1092 2149 ἔσεσθ’
1112 2107 1163 2149 οὐ
1179 2113 1255 2148 τοῦ
1271 2108 1442 2148 δικαίου

98 2182 264 2231 μᾶλλον
296 2178 422 2220 ἕνεκα
454 2181 698 2233 Μεσσήνην
731 2174 842 2220 εἶναι
875 2180 1137 2231 βουλόμενοι
1168 2177 1193 2232 ἢ
1226 2183 1304 2219 τοῦ
1336 2179 1442 2231 πρὸς

47 2267 78 2292 30
100 2250 473 2302 Λακεδαιμονίους
500 2251 658 2304 φόβου.
685 2250 753 2291 δεῖ
778 2250 826 2291 δὲ
852 2256 1030 2291 σκοπεῖν
1049 2249 1129 2301 μὲν
1148 2249 1219 2290 καὶ
1239 2248 1443 2302 πράττειν

1467 210 1486 240 6

1471 1979 1515 2009 10
