1689 2531
724 596 829 638 VIII

301 694 465 742 ΠΕΡΙ
500 694 643 741 ΤΩΝ
680 693 772 740 EN
809 691 1254 741 ΧΕΡΡΟΝΗΣῼΙ

650 803 906 836 ΤΠΟΘΕΣΙΣ

160 889 203 930 Ὁ
222 890 334 943 λόγος
355 886 469 938 οὗτος
488 888 584 941 ὑπὲρ
605 889 846 935 Διοπείθους
870 889 1017 940 εἴρηται
1037 887 1101 927 καὶ
1121 883 1176 927 ὧν
1196 888 1342 935 ἐκεῖνος
1360 884 1446 939 παρ’

105 954 334 1007 Ἀθηναίοις
354 954 606 1008 κατηγόρητο.
627 948 678 1005 ἦν
698 951 767 1004 μὲν
787 952 859 1006 γὰρ
874 953 1123 1006 Χερρόνησος
1136 951 1160 1004 ἡ
1175 953 1272 1006 πρὸς
1290 951 1451 1008 Θρᾴκην

110 1028 188 1060 τῶν
203 1017 429 1071 Ἀθηναίων
454 1015 568 1071 κτῆμ’
591 1018 764 1071 ἀρχαῖον,
790 1017 847 1065 εἰς
873 1017 913 1058 δὲ
938 1018 1084 1069 ταύτην
1110 1017 1335 1057 ἀπέστειλαν
1354 1018 1451 1056 κατὰ

111 1086 201 1133 τοὺς
224 1085 424 1124 Φιλίππου
450 1084 611 1137 καιροὺς
636 1083 877 1136 κληρούχους
902 1082 1060 1122 ἑαυτῶν.
1093 1083 1187 1129 ἔθος
1210 1078 1246 1121 δ’
1271 1077 1320 1133 ἦν
1339 1089 1451 1121 τοῦτο

76 1165 90 1190 5
111 1150 278 1190 παλαιὸν
304 1154 383 1196 τοῖς
406 1145 647 1200 Ἀθηναίοις,
674 1148 758 1187 ὅσοι
782 1147 942 1199 πένητες
968 1143 1069 1199 ἦσαν
1094 1147 1224 1186 αὐτῶν
1249 1147 1314 1187 καὶ
1339 1146 1452 1199 ἀκτή-

21 1212 23 1267 λ
113 1231 228 1268 μονες
260 1216 374 1266 οἴκοι,
399 1215 561 1261 τούτους
581 1213 744 1265 πέμπειν
771 1212 952 1260 ἐποίκους
977 1213 1031 1260 εἰς
1056 1212 1123 1260 τὰς
1146 1213 1216 1260 ἔξω
1236 1212 1366 1259 πόλεις
1386 1212 1453 1260 τὰς

22 1269 23 1287 ³
113 1281 278 1321 ἑαυτῶν·
310 1280 375 1319 καὶ
400 1279 620 1331 ἐλάμβανον
645 1279 887 1330 πεμπόμενοι
912 1278 1012 1317 ὅπλα
1037 1273 1069 1316 τ’
1099 1277 1140 1317 ἐκ
1166 1283 1233 1316 τοῦ
1261 1277 1453 1328 δημοσίου

113 1345 178 1385 καὶ
202 1345 375 1396 ἐφόδιον.
408 1344 474 1383 καὶ
507 1350 580 1383 νῦν
612 1344 747 1388 τοίνυν
778 1350 891 1382 τοῦτο
921 1341 1079 1395 γέγονεν
1104 1341 1169 1381 καὶ
1200 1342 1454 1392 πεπόμφασιν

113 1411 296 1457 ἐποίκους
327 1410 382 1457 εἰς
406 1409 478 1460 τὴν
503 1408 768 1461 Χερρόνησον,
801 1408 1013 1460 στρατηγὸν
1039 1406 1171 1454 αὐτοῖς
1203 1407 1335 1453 δόντες
1360 1409 1453 1445 Διο-

61 1489 95 1515 ιο
114 1476 248 1526 πείθη.
288 1475 328 1514 οἱ
357 1472 426 1525 μὲν
452 1467 525 1512 οὖν
550 1472 659 1512 ἄλλοι
684 1476 968 1525 Χερρονησῖται
998 1471 1087 1518 τοὺς
1113 1471 1349 1518 ἐπελθόντας
1375 1470 1454 1510 ἐδέ-

115 1541 229 1588 ξαντο
260 1539 326 1578 καὶ
358 1537 576 1590 μετέδωκαν
608 1538 740 1585 αὐτοῖς
772 1537 837 1577 καὶ
865 1538 1001 1576 οἰκιῶν
1026 1536 1090 1576 καὶ
1120 1543 1205 1589 γῆς,
1236 1536 1457 1589 Καρδιανοὶ

117 1601 153 1643 δ’
182 1604 255 1644 οὐκ
280 1603 471 1654 ἐδέξαντο,
503 1602 676 1655 λέγοντες
709 1604 815 1642 ἰδίαν
845 1602 973 1654 χώραν
1006 1602 1126 1641 οἰκεῖν
1154 1600 1219 1640 καὶ
1245 1602 1318 1641 οὐκ
1339 1599 1457 1652 Ἀθη-

116 1671 250 1709 ναίων.
283 1668 466 1708 ἐντεῦθεν
499 1670 571 1707 οὐν
603 1669 823 1718 Διοπείθης
855 1666 1028 1717 ἐπολέμει
1059 1667 1387 1718 Καρδιανοῖς.οί
1415 1664 1457 1705 δὲ

117 1733 222 1786 παρὰ
240 1735 438 1773 Φίλιππον
458 1734 760 1785 καταφεύγουσι,
780 1748 844 1771 και
863 1730 906 1779 ὃς
920 1730 1123 1771 ἐπιστέλλει
1138 1735 1217 1778 τοῖς
1228 1727 1457 1782 Ἀθηναίοις

28 1828 30 1832 ψ
64 1813 97 1839 15
118 1799 170 1852 μὴ
192 1799 396 1851 βιάζεσθαι
417 1798 667 1851 Καρδιανοὺς
687 1796 739 1845 ὡς
759 1798 862 1851 αὐτῷ
882 1796 1164 1849 προσήκοντας,
1184 1794 1279 1834 ἀλλὰ
1299 1796 1455 1834 δικάσα-

28 1852 98 1912 ῗ89
119 1868 215 1903 σθαι
239 1864 337 1916 πρὸς
362 1863 518 1912 αὐτούς,
545 1860 596 1901 εἴἶ
615 1863 651 1901 τί
676 1874 797 1912 φασιν
822 1861 1050 1913 ἠδικῆσθαι.
1084 1859 1135 1907 ὡς
1159 1857 1194 1898 δ’
1219 1860 1290 1899 οὐκ
1310 1859 1459 1911 ἤκουον

118 1929 265 1968 τούτων
292 1929 332 1967 οἱ
349 1925 570 1978 Ἀθηναῖοι,
596 1928 790 1979 βοήθειαν
815 1930 895 1973 τοῖς
916 1926 1155 1978 Καρδιανοῖς
1180 1924 1362 1976 ἔπεμψεν.
1396 1923 1457 1975 ἐφ’

120 1989 179 2040 οἷς
205 1992 475 2045 ἀγανακτήσας
502 1991 522 2031 ὃ
548 1993 781 2042 Διοπείθης,
813 1997 881 2030 τοῦ
912 1991 1110 2029 Φιλίππου
1139 1989 1226 2041 περὶ
1252 1990 1323 2040 τὴν
1349 1989 1458 2041 μεσό-

119 2073 241 2111 γειαν,
267 2057 338 2108 τὴν
363 2056 445 2096 ἄνω
469 2055 643 2112 Θρᾴκην,
668 2059 930 2106 πολεμοῦντος
954 2055 1052 2107 πρὸς
1077 2055 1144 2094 τὸν
1166 2051 1363 2105 Ὀδρυσῶν
1389 2056 1459 2106 βα-

68 2136 102 2162 20
121 2121 237 2171 σιλέα,
268 2123 340 2173 τὴν
366 2122 557 2174 παράλιον
586 2119 747 2175 Θρᾴκην
774 2120 951 2170 ὑπήκοον
977 2114 1100 2158 οὖσαν
1128 2125 1196 2157 τοῦ
1222 2118 1460 2165 Μακεδόνος

122 2185 359 2239 κατέδραμεν
384 2186 449 2225 καὶ
475 2185 694 2237 ἐπόρθησεν
720 2184 785 2224 καὶ
810 2184 932 2235 ἔφθη,
958 2183 1050 2237 πρὶν
1079 2184 1278 2222 Φίλιππον
1303 2182 1461 2222 ἐπανελ-

123 2255 226 2303 θεῖν,
257 2250 511 2303 ἀναχωρήσας
542 2251 597 2298 εἰς
627 2250 698 2301 τὴν
724 2249 975 2302 Χερρόνησον
1000 2249 1064 2288 καὶ
1095 2248 1137 2288 ἐν
1163 2247 1334 2299 ἀσφαλεῖ
1353 2248 1461 2300 γενό-

193 2325 366 2356 Βῑυοετει.,
379 2324 446 2349 Vol.
455 2324 469 2348 1
1254 2317 1273 2347 6
