1689 2531
180 98 263 139 102
663 101 1037 134 ΔΗΜΟΣΘΕΝΟΤΣ
1466 103 1524 146 [rx

173 192 275 249 ἔχει,
313 193 407 236 ε’πεί
442 211 522 249 τοι,
560 197 596 237 εἰ
634 194 769 237 πάνθ’
802 196 827 238 ἃ
862 202 1052 250 προσῆκε
1078 211 1195 251 «πρατ
1209 198 1376 239 τόντων
1409 196 1522 239 οὕτω
1545 203 1619 238 112

177 265 379 320 διέκειτο,
411 264 504 308 οὐδ’
531 265 586 308 ἂν
618 265 736 316 ἐλπὶς
768 264 823 321 ἧν
855 267 964 309 αὐτὰ
995 267 1204 321 γενέσθαι
1232 270 1400 322 βελτίω.
1438 274 1524 310 νῦν

178 337 226 377 δὲ
257 342 331 390 τῆς
365 337 584 393 ῥᾳθυμίας
616 344 689 392 τῆς
720 337 928 392 ὑμετέρας
954 339 1026 379 καὶ,
1051 345 1124 392 τῆς
1151 338 1348 391 ἀμελείας
1373 339 1525 393 κεκρά-

176 423 276 461 τηκε
315 409 541 462 Φίλιππος,
572 415 646 462 τῆς
672 410 836 458 πόλεως
870 407 906 450 δ’
939 409 991 451 οὐ
1024 409 1301 463 κεκράτηκεν·
1334 407 1427 451 οὐδ’
1453 410 1525 464 ’ἥτ-

176 476 303 532 τησθ’
328 479 464 533 ὑμεῖς,
489 477 580 521 ἀλλ’
614 479 718 521 οὐδὲ
743 481 988 534 κεκίνησθε.
1542 500 1558 525 5

237 553 291 591 Εἰ
315 551 385 603 μὲν
412 548 484 592 οὖν
509 553 676 601 ἅπαντες
697 552 972 605 ὡμολογοῦμεν
995 554 1194 593 Φίλιππον
1213 561 1258 609 τῇ
1283 554 1391 594 πόλει
1411 558 1524 594 πολε-

177 621 264 668 μεῖν
290 617 354 656 καὶ
379 617 451 668 τὴν
477 618 639 669 εἰρήνην
671 619 943 670 παραβαίνειν,
970 617 1087 658 οὐδὲν
1112 616 1194 658 ἄλλ’
1224 619 1302 659 ἔδει
1332 621 1399 660 τὸν
1424 635 1524 672 παρ-

176 683 286 722 ιόντα
312 681 434 734 λέγειν
460 682 525 722 καὶ
551 684 834 735 συμβουλεύειν
859 682 884 735 ἢ
915 684 1020 730 ὅπως
1039 683 1308 734 ἀσφαλέστατα
1328 684 1392 724 καὶ
1411 683 1518 740 ῥᾷστ’

175 747 296 787 αὑτὸν
322 748 599 800 ἀμυνούμεθα·
627 749 758 800 ἐπειδὴ
787 746 821 811 δ’
848 750 970 796 οὕτως
996 747 1150 797 ἀτόπως
1176 750 1272 789 ε”νιοι
1299 750 1522 800 διάκεινται,

176 813 271 852 ὥστε
296 814 427 861 πόλεις
447 815 813 866 καταλαμβάνοντος
833 814 983 854 ἐκείνου
1003 813 1067 853 καὶ
1087 814 1210 854 πολλὰ
1230 822 1307 854 τῶν
1327 814 1522 869 ὑμετέρων
1543 825 1576 851 10

175 878 329 930 ἔχοντος
360 878 425 918 καὶ
456 880 604 927 πάντας
636 879 876 931 ἀνθρώπους
909 878 1140 927 ἀδικοῦντος
1174 879 1384 932 ἀνέχεσθαί
1406 897 1523 920 τινων

176 943 218 983 ἐν
244 948 326 991 ταῖς
352 944 574 996 ἐκκλησίαις
600 945 790 997 λεγόντων
811 945 994 991 πολλάκις
1021 943 1072 992 ὡς
1098 943 1211 996 ἡμῶν
1237 944 1337 993 τινές
1363 946 1461 985 εἰσιν
1487 946 1528 985 οἵ

175 1015 380 1057 ποιοῦντες
406 1009 473 1049 τὸν
499 1011 682 1061 πόλεμον,
709 1009 859 1062 ἀνάγκη
887 1009 1154 1059 φυλάττεσθαι
1173 1009 1237 1049 καὶ
1258 1012 1524 1062 διορθοῦσθαι

176 1074 263 1127 περὶ
290 1075 446 1114 τούτου·
480 1075 558 1114 ε”στι
584 1075 655 1127 γὰρ
690 1074 776 1122 δέος
808 1070 961 1126 μήποθ’
992 1073 1043 1121 ὡς
1075 1074 1335 1126 ἀμυνούμεθα
1366 1076 1524 1128 γράψας

176 1156 232 1187 τις
257 1140 321 1179 καὶ
349 1141 644 1191 συμβουλεύσας
669 1141 723 1187 εἰς
749 1140 820 1190 τὴν
847 1140 974 1178 αἰτίαν
1000 1139 1146 1194 ἐμπέσῃ
1173 1147 1240 1179 τοῦ
1267 1140 1522 1192 πεποιηκέναι
1545 1151 1576 1176 15

175 1206 242 1245 τὸν
267 1205 448 1256 πόλεμον.
488 1204 561 1257 ε’γὼ
588 1204 629 1245 δὲ
654 1212 767 1244 τοῦτο
794 1212 949 1257 πρῶτον
982 1203 1165 1244 ἁπάντων
1191 1204 1286 1258 λέγω
1312 1205 1377 1245 καὶ
1403 1207 1523 1257 διορί-

176 1273 301 1321 ζομαι,
327 1271 362 1309 εἰ
386 1266 449 1319 ἐφ’
480 1269 575 1321 ἡμῖν
595 1270 673 1310 ἐστι
693 1271 734 1310 τὸ
757 1271 1018 1321 βουλεύεσθαι
1038 1270 1124 1323 περὶ
1144 1277 1211 1309 τοῦ
1238 1271 1402 1323 πότερον
1422 1271 1525 1323 εἰρή-

176 1352 252 1387 νην
277 1335 385 1388 ἄγειν
411 1334 436 1387 ἢ
463 1339 643 1387 πολεμεῖν
669 1336 738 1374 δεῖ.
811 1334 866 1374 Εἰ
905 1333 985 1385 μὲν
1024 1329 1105 1374 οὖν
1142 1331 1309 1383 ἔξεστιν
1347 1335 1526 1388 εἰρήνην

177 1406 301 1459 ἄγειν
334 1412 384 1461 τῇ
416 1407 540 1447 πόλει
572 1405 644 1447 καὶ
677 1402 743 1459 ἐφ’
770 1406 874 1459 ἡμῖν
907 1403 1026 1446 ἐστιν
1058 1410 1200 1458 τοῦτο,
1232 1402 1287 1445 ἵν’
1315 1403 1525 1446 ἐντεῦθεν

177 1475 383 1531 ἄρξωμαι,
421 1474 524 1531 φήμ’
557 1474 682 1530 ἔγωγ’
716 1477 840 1530 ἄγειν
877 1476 985 1530 ἡμᾶς
1025 1476 1131 1529 δεῖν,
1169 1475 1239 1516 καὶ
1277 1476 1355 1516 τὸν
1389 1481 1525 1516 ταῦτα
1545 1490 1578 1516 20

177 1546 360 1601 λέγοντα
392 1547 581 1602 γράφειν
612 1548 684 1589 καὶ
715 1547 923 1601 πράττειν
948 1547 1020 1588 καὶ
1045 1547 1102 1600 μὴ
1129 1547 1377 1600 φενακίζειν
1403 1545 1524 1596 ἀξιῶ·

177 1620 214 1660 εἰ
247 1616 283 1659 δ’
310 1617 454 1673 ἔτερος
486 1618 538 1660 τὰ
574 1616 666 1660 ὅπλ’
700 1617 748 1660 ἐν
782 1625 873 1667 ταῖς
905 1618 1055 1672 χερσὶν
1088 1615 1199 1671 ἔχων
1230 1617 1302 1658 καὶ
1335 1617 1524 1670 δύναμιν

175 1690 343 1743 πολλὴν
363 1690 461 1744 περὶ
477 1689 612 1731 αὑτὸν
626 1690 819 1742 τοῦνομα
839 1689 918 1741 μὲν
938 1689 986 1730 τὸ
1007 1695 1081 1742 τῆς
1103 1689 1274 1742 εἰρήνης
1295 1687 1400 1740 ὑμῖν
1419 1701 1525 1742 προ-

176 1760 340 1814 βάλλει,
365 1767 455 1810 τοῖς
477 1758 513 1802 δ’
539 1758 683 1815 ἔργοις
711 1760 840 1810 αὐτὸς
865 1767 955 1809 τοῖς
976 1765 1053 1801 τοῦ
1079 1758 1270 1810 πολέμου
1291 1764 1457 1814 χρῆται,
1481 1760 1525 1800 τί

177 1832 332 1873 λοιπὸν
353 1832 458 1873 ἄλλο
480 1833 594 1886 πλὴν
609 1831 876 1884 ἀμύνεσθαις
898 1831 1083 1884 φάσκειν
1098 1827 1135 1871 δ’
1153 1830 1333 1884 εἰρήνην
1348 1830 1472 1884 ἄγειν
1487 1831 1523 1872 εἰ
1544 1845 1577 1872 25

176 1902 566 1957 βούλεσθε,ὥσπερ
589 1901 764 1956 ἐκεῖνος,
778 1901 830 1944 οὐ
853 1901 1125 1956 διαφέρομαι.
1147 1902 1182 1942 εἰ
1205 1900 1255 1942 δέ
1265 1899 1269 1957 Ι
1283 1916 1347 1950 τις
1361 1901 1524 1954 ταύτην
1546 1903 1620 1939 113

176 1974 357 2027 εἰρήνην
370 1973 682 2027 ὑπολαμβάνει,
694 1972 735 2023 ἐξ
750 1970 799 2027 ἧς
815 1971 976 2022 ἐκεῖνος
991 1971 1131 2013 πάντα
1142 1972 1276 2013 τᾶλλα
1288 1972 1436 2025 λαβὼν
1450 1969 1518 2025 ἐφ’

177 2045 286 2098 ἡμᾶς
306 2044 410 2099 ἥξει,
429 2051 603 2098 πρῶτον
623 2045 703 2097 μὲν
720 2045 930 2098 μαίνεται,
949 2040 1078 2085 ἔπειτ’
1099 2041 1248 2098 ἐκείνῳ
1269 2040 1369 2096 παρ’
1389 2042 1524 2097 ὑμῶν,

177 2115 256 2169 οὐχ
277 2115 382 2167 ὑμῖν
401 2113 500 2169 παρ’
522 2113 691 2157 ἐκείνου
712 2116 792 2169 τὴν
812 2116 992 2169 εἰρήνην
1008 2113 1138 2168 λέγει·
1158 2119 1287 2155 τοῦτο
1310 2111 1346 2155 δ’
1368 2111 1487 2155 ε’στὶν
1501 2112 1523 2154 ὃ

176 2193 264 2227 τῶν
284 2186 639 2239 ἀναλισκομένων
659 2185 890 2241 χρημάτων
908 2185 1086 2227 πάντων
1105 2186 1318 2234 Φίλιππος
1338 2184 1524 2238 ὠνεῖται,
1544 2201 1578 2225 80

177 2256 307 2306 αὐτὸς
333 2257 413 2309 μὲν
438 2261 644 2310 πολεμεῖν
669 2257 787 2311 ὑμῖν,
818 2254 894 2311 ὑφ’
919 2256 1043 2309 ὑμῶν
1071 2256 1118 2297 δὲ
1143 2256 1200 2310 μὴ
1226 2258 1524 2308 πολεμεῖσθαι.
