1689 2531
127 278 169 309 25

126 634 169 664 26

127 1061 146 1091 ιο

153 1061 170 1091 *1

127 1488 170 1518 ‘28

128 1845 170 1875 29

199 99 253 141 66
685 100 1059 134 ΔΗΜΟΣΘΕΝΟΥΣ
1487 101 1547 146 [v1

196 197 354 250 ταύτης
381 195 636 251 ἀντέχεσθε·
669 194 724 237 ἂν
749 195 913 250 ταύτην
946 193 1124 254 σῴζητε,
1155 196 1288 238 οὐδὲν
1313 197 1370 251 μὴ
1398 197 1548 239 δεινὸν

196 267 377 321 πάθητε.
404 268 448 308 τί
473 267 680 321 ζητεῖτε;“
705 265 830 321 ἔφην.
871 265 1168 322 ,,ἐλευθερίαν.
1213 263 1287 309 εἶτ’
1313 267 1393 323 οὐχ
1420 267 1547 323 ὁρᾶτε

202 339 435 393 ΦίλιπῙπον
474 337 818 393 ἀλλοτριωτάτας
856 339 991 396 ταύτῃ
1030 339 1101 380 καὶ
1138 339 1212 388 τὰς
1253 340 1547 394 προσηγορίας
1572 343 1618 378 72

196 407 370 464 ἔχοντα;
401 411 608 463 βασιλεὺς
641 411 723 464 γὰρ
756 410 828 451 καὶ
859 410 1076 464 τύραννος
1108 410 1217 459 ἅπας
1243 408 1402 464 ἐχθρὸς
1429 408 1548 452 ἐλευ-

196 482 328 537 θερία
359 480 431 522 καὶ
456 481 606 533 νόμοις
634 479 841 531 ἐναντίος.
887 481 939 522 οὐ
967 478 1208 535 φυλάξεσθ’
1241 481 1392 536 ὅπωςίί,
1422 479 1548 535 ἔφην,

195 553 276 606 ,,μὴ
303 551 495 604 πολέμου
523 554 749 606 ζητοῦντες
776 552 1078 606 ἀπαλλαγῆναι
1105 552 1322 606 δεσπότην
1348 551 1549 607 εὕρητεςι(

262 620 389 664 Ταῦτ’
416 622 681 673 ἀκούσαντες
709 622 880 678 ἐκεῖνοι,
903 624 974 665 καὶ
995 625 1297 677 θορυβοῦντες
1319 623 1374 673 ὡς
1402 623 1548 677 ὀρθῶς

198 694 379 748 λέγεται,
405 694 475 736 καὶ
496 696 685 744 πολλοὺς
707 693 880 749 ἑτέρους
902 696 1058 748 λόγους
1079 695 1195 747 παρὰ
1215 701 1303 736 τῶν
1323 694 1549 748 πρέσβεων

198 766 268 807 καὶ
294 767 511 820 παρόντος
539 764 644 818 ἐμοῦ
671 766 743 807 καὶ
769 765 902 807 πάλιν
928 765 1127 820 ὕστερον,
1153 766 1209 815 ὡς
1236 763 1390 821 ἔοικεν,
1416 765 1549 807 οὐδὲν

196 840 364 890 μᾶλλον
379 836 702 891 ἀποσχήσονται
716 843 791 890 τῆς
811 838 1032 878 Φιλίππου
1054 838 1202 891 φιλίας
1223 834 1316 879 οὐδ’
1337 833 1400 878 ὧν
1420 835 1548 890 ἑπαγ-

197 907 405 962 γέλλεται.
450 908 521 949 καὶ
555 908 606 949 οὐ
642 905 759 949 τοῦτ’
790 905 876 949 ἔστ’
909 908 1086 962 ἄτοπον,
1125 909 1161 950 εἰ
1194 910 1443 962 λΜεσσήνιοι
1478 908 1550 949 καὶ

198 981 575 1033 Πελοποννησίων
588 980 703 1028 τινὲς
723 977 822 1031 παρ’
843 979 868 1021 ἑὲ
888 984 948 1036 τῷ
964 983 1156 1037 λογισμῷ
1170 976 1366 1033 βέλτισθ’
1387 979 1550 1033 ὁρῶσίν

198 1066 239 1091 τι
265 1049 522 1105 πράξουσιν,
547 1048 640 1092 ἀλλ’
665 1050 788 1103 ὑμεῖς
816 1051 855 1092 οἱ.
883 1051 954 1091 καὶ
976 1050 1198 1100 συνιέντες
1219 1050 1344 1092 αὐτοὶ
1371 1050 1441 1091 καὶ
1461 1057 1550 1092 τῶν

199 1122 419 1175 λεγόντων
446 1121 680 1171 ἀκούοντες
706 1122 841 1176 ἡμῶν,
872 1121 928 1171 ὡς
955 1120 1317 1176 ἐπιβουλεύεσθε,
1348 1122 1404 1171 ὡς
1430 1136 1549 1174 περι-

200 1194 453 1247 τειχίζεσθε,
479 1193 588 1234 ὥστε
609 1192 746 1246 μηὸὲν
766 1192 849 1246 ’ἤδη
870 1198 1050 1246 ποιῆσαι
1078 1190 1246 1247 λήσεθ’,
1273 1192 1329 1242 ὡς
1356 1190 1450 1245 ἐμοὶ
1477 1193 1549 1234 δο-

198 1271 276 1318 κεῖ,
301 1261 436 1305 πάνθ’
468 1264 800 1316 ὑπομείναντες·
834 1263 971 1313 οὕτως
998 1264 1023 1318 ἡ
1049 1261 1277 1318 παραυτίχ’
1308 1264 1446 1318 ἡδονὴ
1479 1263 1550 1305 καὶ

199 1335 400 1392 ῥᾳστώνη
427 1337 573 1387 μεῖζον
595 1334 735 1389 ἰσχύει
761 1340 839 1376 τοῦ
866 1331 970 1375 ποθ’
996 1334 1184 1388 ὕστερον
1208 1335 1433 1376 συνοίσειν
1452 1334 1551 1387 μέλ-

199 1410 362 1455 λοντος.

259 1477 372 1531 Περὶ
405 1477 484 1529 μὲν
518 1477 571 1530 δὴ
604 1483 693 1518 τῶν
725 1476 831 1529 ὑμῖν
863 1476 1089 1531 πρακτέων
1116 1474 1214 1518 καθ’
1248 1476 1357 1529 ὑμᾶς
1390 1477 1549 1527 αὐτοὺς

197 1548 384 1603 ὕστερον
398 1548 712 1602 βουλεύσεσθε,
730 1547 784 1589 ἂν
800 1554 1073 1603 σωφρονῆτε·
1095 1548 1120 1590 ἑὲ
1142 1548 1189 1590 δὲ
1209 1554 1294 1589 νῦν
1314 1547 1548 1601 ἀποκρινά-

197 1636 322 1673 μενοι
347 1620 400 1661 τὰ
426 1617 565 1661 δέοντ’
593 1618 647 1660 ἂν
675 1617 776 1674 εἴητ’
804 1618 1109 1674 ἐψηφισμένοι,
1135 1625 1271 1661 ταῦτα
1298 1620 1350 1673 δὴ
1380 1619 1496 1669 λέξω.

255 1686 340 1734 ῒΗν
372 1691 452 1743 μὲν
485 1687 568 1732 οὖν
600 1691 773 1732 δίκαιον
806 1688 838 1732 ὦ
866 1691 1023 1745 ἄνδρες
1051 1688 1277 1745 Ἀθηναῖοι
1303 1693 1405 1740 τοὺς
1432 1689 1550 1745 ἐνεγ-

199 1763 355 1812 κόντας
376 1763 450 1812 τὰς
470 1761 739 1816 ὑποσχέσεις,
759 1760 826 1816 ἐφ’
848 1756 914 1811 αἷς
935 1760 1166 1816 ἐπείσθητε
1181 1764 1450 1815 ποιήσασθαι
1471 1763 1551 1816 τὴν

200 1835 391 1888 εἰρήνην,
417 1837 584 1875 καλεῖν·
611 1834 712 1875 οὔτε
737 1834 820 1888 γὰρ
848 1833 977 1883 αὐτὸς
1004 1834 1058 1874 ἄν
1084 1832 1186 1875 ποθ’
1213 1832 1424 1886 ὑπέμεινα
1449 1848 1551 1887 πρε-

201 1905 390 1959 σβεύειν,
417 1903 508 1946 οὔτ’
537 1903 591 1946 ἂν
616 1905 739 1957 ὑμεῖς
766 1900 848 1946 οἶδ’
877 1905 942 1946 ὅτι
967 1903 1221 1946 ἐπαύσασθε
1247 1908 1551 1960 πολεμοῦντες,

200 1978 236 2018 εἰ
275 1981 456 2018 τοιαῦτα
494 1975 676 2029 πράξειν
707 1973 877 2031 τυχόντ’
917 1977 1090 2030 εἰρήνης
1132 1976 1352 2017 Φίλιππον
1390 1973 1550 2033 ᾤεσθε·

199 2045 292 2089 ἀλλ’
317 2045 373 2102 ἦν
399 2049 512 2089 πολὺ
539 2047 709 2089 τούτων
729 2046 1003 2103 ἀφεστηκότα
1023 2047 1075 2088 τὰ
1100 2048 1197 2088 τότε
1224 2048 1446 2101 λεγόμενα.
1478 2046 1550 2088 καὶ

199 2119 333 2160 πάλιν
359 2116 397 2173 γ’
425 2117 598 2172 ἑτέρους
625 2121 786 2160 καλεῖν.
826 2120 966 2169 τίνας;
993 2120 1094 2168 τοὺς
1122 2117 1182 2160 ὅτ’
1209 2117 1291 2172 ἐγὼ
1318 2120 1550 2173 γεγονυίας

199 2191 282 2244 ἤδη
314 2196 389 2244 τῆς
422 2191 596 2244 εἰρήνης
628 2189 712 2231 ἀπὸ
744 2196 819 2244 τῆς
851 2189 1035 2244 ὑστέρας
1067 2190 1185 2244 ἥκων
1216 2190 1447 2244 πρεσβείας
1475 2195 1550 2243 τῆς

200 2259 290 2317 ἐπὶ]
308 2263 409 2311 τοὺς
437 2261 606 2316 ὅρκους,
635 2262 900 2314 αἰσθόμενος
934 2260 1277 2315 φενακιζομένην
1302 2261 1383 2316 τὴν
1408 2262 1551 2315 πόλιν,
1573 2263 1619 2298 73

1568 498 1583 523 5

1569 853 1603 879 10

1571 1208 1603 1234 15

1569 1564 1605 1589 20

1571 1919 1603 1945 25

1570 2204 1603 2230 29
