1689 2531
143 1224 186 1255 28

145 1794 187 1824 29

212 50 295 92 190
695 52 1068 86 ΔΗΜΟΣΘΕΝΟΤΣ
1468 54 1555 98 [xv1

214 148 432 201 Θηβαίους
460 145 637 202 ἔχοντας
663 148 743 202 τὴν
770 146 1022 202 ἀλλοτρίαν·
1061 148 1098 189 εἰ
1119 148 1168 189 δὲ
1186 150 1257 202 μή,
1281 156 1457 202 πρῶτον
1475 149 1555 202 μὲν

211 217 437 267 ἐναντίους
476 217 628 271 ἕξομεν
666 219 773 273 πρὸς
813 217 956 260 ἐκεῖνα
993 219 1176 269 τούτους
1215 221 1407 274 εἰκότως,
1451 220 1555 262 ὅταν

209 289 400 343 ἡγῶνται
426 290 507 344 τὴν
533 288 712 331 ἐκείνων
738 291 980 331 κατοίκισιν
1007 281 1153 339 αὑτοῖς
1180 291 1370 345 ὄλεθρον
1392 290 1556 346 φέρειν,

210 356 283 401 εἶτ’
311 359 505 414 ἀνήνυτα
522 359 525 374 ¹
542 358 764 415 πράγμαθ’
791 360 943 413 ἕξομεν
963 360 1104 402 αὐτοί·
1141 362 1186 403 τί
1202 362 1284 415 γὰρ
1306 362 1362 411 ὡς
1383 361 1557 416 ἀληθῶς
1578 370 1587 384 ⁸

211 429 329 472 ἔσται
355 430 500 485 πέρας,
527 431 631 473 ὅταν
658 432 741 473 αἰεὶ
767 432 842 481 τὰς
861 432 941 484 μὲν
962 432 1094 481 οὔσας
1114 433 1260 481 πόλεις
1281 430 1417 485 ἐῶμεν
1437 432 1557 474 ἀναι-

160 511 189 557 ‚22
211 509 317 557 ρεῐν,
342 503 416 552 τὰς
444 501 480 544 δ’
514 502 786 560 ἀνῃρημένας
813 502 1000 556 ἀξιῶμεν
1026 505 1220 555 οἰκίζειν;

270 573 463 627 Λέγουσι
494 575 650 615 τοίνυν
682 575 720 615 οἱ
754 573 940 626 μάλιστα
973 575 1205 624 δοκοῦντες
1239 575 1384 616 δίκαια
1416 573 1558 629 λέγειν

212 645 267 694 ὡς
295 645 362 686 δεῖ
386 645 460 694 τὰς
489 646 645 698 στήλας
672 647 878 686 καθελεῖν
905 644 1064 693 αὐτοὺς
1091 646 1164 694 τὰς
1191 646 1298 699 πρὸς
1329 647 1560 700 Θηβαίους,

212 716 330 768 εἴπερ
363 714 562 770 ἡμέτεροι
589 716 774 769 βεβαίως
801 713 975 757 ἔσονται
1003 716 1229 771 σύμμαχοι.
1281 717 1321 758 οἱ
1349 715 1399 758 δέ
1422 727 1559 770 φασιν

211 787 290 839 μὲν
323 786 470 836 αὑτοῖς
503 786 603 841 οὐ[κ
630 782 760 841 εἶναι]
789 789 958 841 στήλας,
984 786 1092 828 ἀλλὰ
1118 789 1166 828 τὸ
1194 787 1421 842 συμφέρον
1447 783 1559 829 εἶναι

211 859 259 899 τὸ
286 864 445 900 ποιοῦν
471 858 551 912 τὴν
578 859 743 912 φιλίαν,
768 859 869 907 τοὺς
891 858 938 899 δὲ
957 860 1235 911 βοηθοῦντας
1256 857 1438 913 ἑαυτοῖς,
1461 858 1560 900 τού-

213 945 314 979 τους
347 931 539 982 νομίζειν
573 925 684 970 εἶναι
719 929 981 983 συμμάχους.
1033 927 1115 983 ἐγὼ
1149 927 1204 983 δ’,
1237 930 1272 971 εἰ
1305 930 1356 970 τὰ
1387 926 1554 982 μάλιστ’

214 1001 325 1042 εἰσὶν
363 1006 569 1054 τοιοῦτοι,
607 1000 689 1041 ὡδί
725 1015 813 1049 πως
847 998 940 1054 ἔχω.
993 1008 1103 1054 φημι
1136 1001 1230 1041 δεῖν
1263 1000 1348 1052 ἅμα
1379 1000 1560 1050 τούτους

214 1070 367 1121 ἀξιοῦν
398 1075 632 1124 καθαιρεῖν
664 1072 737 1120 τὰς
765 1073 921 1125 στήλας
948 1072 1019 1112 καὶ
1044 1072 1412 1124 Λακεδειμονίους
1438 1072 1561 1126 ἄγειν

215 1144 406 1197 εἰρήνην,
433 1141 509 1184 ἐὰν
537 1142 584 1184 δὲ
610 1143 665 1196 μὴ
693 1142 857 1183 θέλωσι
891 1149 1034 1183 ποιεῖν
1067 1142 1267 1197 ὁπότεροι
1293 1148 1441 1197 ταῦτα,
1465 1140 1553 1184 τότ’

213 1215 295 1268 ἤδη
322 1214 427 1266 μετὰ
447 1221 535 1255 τῶν
557 1212 805 1255 ἐθελόντων
826 1214 932 1267 ἡμᾶς
953 1215 1198 1267 γίγνεσθαι.
1238 1213 1322 1255 εἴτε
1341 1214 1423 1268 γὰρ
1446 1214 1560 1268 εἰρή-

213 1301 290 1339 νης
310 1284 570 1338 γιγνομένης
591 1284 737 1334 αὐτοῖς
753 1285 793 1326 οἱ,
808 1287 1166 1338 ΝΙεγαλοπολῖται
1187 1281 1249 1325 ἔτι
1263 1290 1337 1338 τῆς
1356 1285 1560 1338 Θηβαίων

215 1357 455 1411 συμμαχίας
476 1354 660 1410 ἕξονται,
680 1355 863 1409 φανεροὶ
878 1361 1011 1396 πᾶσιν
1026 1353 1199 1396 ἔσονται
1213 1356 1293 1409 τὴν
1306 1354 1561 1405 πλεονεξίαν

214 1428 294 1481 τὴν
318 1428 535 1480 Θηβαίων,
562 1426 613 1468 οὐ
634 1427 682 1468 τὸ
705 1427 875 1468 δίκαιον
896 1426 1166 1480 αἱρούμενοι·
1206 1426 1289 1467 εἴτε
1311 1425 1560 1480 συμμάχους

214 1498 322 1552 ἡμᾶς
349 1497 515 1547 ἀδόλως
541 1505 628 1538 τῶν
649 1501 1025 1551 ,Μεγαλοπολιτῶν
1044 1496 1320 1549 ποιουμένων
1340 1497 1396 1551 μὴ
1411 1494 1560 1550 ’θελή-

216 1579 372 1610 σουσιν
410 1569 534 1622 ἄγειν
567 1570 746 1622 εἰρήνην
784 1569 824 1610 οἱ
861 1569 1219 1622 Λακεδαιμόνιοι,
1255 1568 1380 1622 δῆλοι
1420 1568 1560 1621 δήπου

215 1645 348 1681 πᾶσιν
368 1637 555 1694 ἔσονται,
576 1639 654 1694 οὐχ
675 1639 747 1681 ἴνα
773 1639 954 1680 Θεσπιαὶ
974 1642 1287 1680 κατοικισθῶσι
1306 1639 1562 1690 ποιούμενοι

215 1712 295 1765 τὴν
328 1711 539 1765 σπουδήν,
571 1708 662 1751 ἀλλ’
696 1711 768 1751 ἴνα
794 1716 872 1752 τοῦ
899 1710 1090 1762 πολέμου
1118 1711 1447 1763 περιεστηκότος
1478 1713 1563 1763 Θη-

214 1783 355 1835 βαίοις
381 1782 461 1835 τὴν
488 1782 834 1835 Πελοπόννησον
860 1779 936 1835 ὑφ’
969 1781 1114 1830 αὐτοῖς
1135 1783 1413 1834 ποιήσωνται.
1451 1784 1563 1821 θαυ-

215 1852 329 1905 μάζω
358 1850 394 1893 δ’
428 1850 571 1907 ἐνίων,
597 1853 632 1894 εἱ
659 1853 707 1894 τὸ
729 1853 808 1904 μὲν
833 1853 1036 1906 Θηβαίων
1058 1851 1307 1906 συμμάχους
1329 1847 1441 1893 εἶναι
1461 1852 1562 1900 τοὺς

216 1924 576 1975 Λακεδαιμονίων
603 1921 790 1978 ἐχθροὺς
818 1925 1076 1977 φοβοῦνται,
1107 1924 1143 1964 εἰ
1172 1923 1219 1964 δὲ
1244 1921 1563 1977 καταστρέψον-

216 2010 285 2036 ται
306 1995 645 2046 Λακεδαιμόνιοι
665 1995 861 2048 τούτους,
879 1994 1016 2048 μηδὲν
1036 1995 1245 2047 ἡγοῦνται
1267 1994 1472 2048 φοβερόν,
1492 1993 1563 2034 καὶ

217 2063 334 2107 ταῦτ’
351 2063 463 2122 ἔργῳ
475 2072 632 2119 πεῖραν
648 2066 748 2118 ἡμῖν
764 2065 1001 2113 δεδωκότος
1016 2070 1094 2105 τοῦ
1109 2065 1283 2119 χρόνου,
1298 2064 1362 2105 ὅτι
1380 2066 1562 2117 Θηβαῖοι

218 2137 297 2190 μὲν
316 2137 487 2186 τούτοις
509 2136 747 2191 συμμάχοις
769 2135 837 2177 ἐπὶ
858 2136 1231 2187 Λακεδαιμονίους
1252 2134 1317 2176 ἀεὶ
1337 2133 1560 2191 χρῶνται,Ι

218 2209 557 2260 Λακεδαιμόνιοι
585 2205 621 2248 δ’
648 2205 706 2249 ὅτ’
734 2203 853 2262 εἶχον
879 2206 1050 2261 αὐτούς,
1076 2205 1143 2260 ἐφ’
1169 2206 1276 2260 ἡμᾶς
1303 2204 1503 2260 ἐχρῶντο.

1582 807 1612 831 10

1580 1159 1614 1185 15

1581 1514 1614 1539 20

1583 1868 1616 1894 25

1582 2151 1615 2177 29

1582 2207 1658 2244 21⁰
