1689 2531
721 534 800 576 XV

18 635 69 671 90
176 618 368 666 ΥΠΕΡ
404 619 550 666 ΤΗΣ
586 617 855 667 ΡΟΔΙΩΝ
892 618 1342 668 ΕΛΕΥΘΕΡΙΑΣ

631 712 887 745 ΤΠΟΘΕΣΙΣ

152 790 229 827 Τὸν
260 786 504 838 συμμαχικὸν
533 785 729 837 κληθέντα
760 787 929 838 πόλεμον
960 786 1159 838 <ἤραντο>
1191 787 1288 838 πρὸς
1309 783 1431 838 Ἀθη-

89 852 226 899 ναίους
251 854 342 890 Χῖοι
373 851 438 890 καὶ
463 848 603 890 Ῥόδιοι
634 852 699 891 καὶ
732 853 948 901 Βυζάντιοι,
980 852 1167 905 πρότερον
1199 851 1270 903 μὲν
1302 851 1431 891 αὐτῶν

89 916 259 967 ὑπήκοοι
289 916 500 969 γεγονότες,
532 916 614 956 τότε
647 913 683 955 δ’
711 916 890 967 ἀλλήλοις
923 918 1143 968 συμμαχίαν
1174 917 1431 967 πεποιημένοι

88 981 186 1021 κατὰ
215 989 293 1021 τῶν
321 978 556 1033 Ἀθηναίων.
593 983 761 1034 γείτονες
793 978 827 1021 δ’
859 981 965 1029 ὄντες
997 983 1038 1021 οἵ
1058 980 1197 1021 Ῥόδιοι
1223 988 1268 1036 τῇ
1302 982 1430 1035 Καρία

51 1057 68 1083 5
87 1047 184 1099 πρὸς
215 1047 282 1086 τὸν
307 1048 448 1098 ταύτης
480 1047 654 1098 ὕπαρχον
682 1047 910 1086 Μαύσωλον
941 1047 1092 1093 οἰκείως
1123 1047 1221 1098 ἔχειν
1252 1046 1428 1086 ἐδόκουν.

87 1111 107 1152 ὅ
134 1111 175 1152 δὲ
200 1108 285 1152 κατ’
309 1111 439 1164 ὀλίγον
464 1112 738 1163 πιστευόμενος
764 1109 832 1151 ὑπ’
856 1112 985 1151 αὐτῶν
1005 1111 1219 1163 ἐπιβουλὴν
1239 1111 1335 1150 κατὰ
1361 1117 1428 1150 τοῦ

87 1177 216 1228 δήμου
242 1177 513 1228 συνεστήσατο,
539 1176 604 1215 καὶ
629 1177 700 1228 τὴν
726 1178 992 1228 δημοκρατίαν
1012 1183 1089 1215 τῶν
1110 1175 1266 1215 Ῥοδίων
1287 1175 1429 1226 ἀφελό-

86 1257 201 1293 μενος
221 1240 364 1294 ὀλίγοις
383 1247 463 1289 τοῖς
489 1243 770 1289 δυνατωτάτοις
789 1243 860 1293 τὴν
880 1242 994 1280 πόλιν
1013 1242 1309 1280 κατεδούλωσεν.
1331 1253 1429 1291 συμ-

86 1308 264 1359 βουλεύει
277 1307 410 1346 τοίνυν
425 1306 444 1346 ὁ
459 1306 721 1358 Δημοσθένης
736 1308 787 1358 μὴ
809 1314 993 1358 περιορᾶν
1007 1313 1139 1355 ταῦτα,
1154 1306 1248 1345 ἀλλὰ
1262 1308 1430 1357 βοηθεῖν

35 1381 68 1406 10
87 1376 138 1426 τῷ
172 1372 284 1427 δήμῳ
315 1378 392 1410 τῶν
417 1368 589 1423 Ῥοδίων,
621 1371 835 1423 συμφέρειν
866 1371 987 1423 λέγων
1018 1375 1098 1418 τοῖς
1128 1369 1357 1422 Ἀθηναίοις
1388 1371 1429 1410 τὸ

87 1438 418 1488 δημοκρατεῖσθαι
449 1436 516 1483 τὰς
549 1437 688 1483 πόλεις.
734 1437 768 1476 εἰ
804 1433 841 1475 δ’
875 1435 1111 1487 ἠδικήκασιν
1151 1435 1248 1487 ἡμᾶς
1274 1433 1428 1485 Ῥόδιοι,

88 1503 224 1552 φησίν,
257 1501 354 1541 ἀλλὰ
379 1501 526 1554 πρέπον
552 1501 654 1540 ἐστὶν
680 1500 774 1552 «ἡμῖν
799 1502 864 1540 καὶ
891 1502 1064 1552 σύνηθες
1090 1501 1130 1540 τὸ
1157 1501 1221 1540 καὶ
1247 1502 1337 1548 τοὺς
1363 1505 1427 1539 λυ-

85 1567 284 1618 πήσαντάς
318 1583 352 1606 τι
386 1573 462 1605 τῶν
488 1565 687 1617 Ἑλλήνων
721 1566 956 1617 ἐλευθεροῦν
989 1566 1054 1605 καὶ
1089 1567 1141 1617 μὴ
1176 1570 1430 1617 μνησικακεῖν

86 1630 378 1683 ἁμαρτάνουσιν
404 1632 458 1678 εἰς
484 1632 554 1682 τὴν
579 1632 706 1671 πόλιν.

35 1746 68 1772 15
145 1725 282 1782 Οἶμαι
309 1730 402 1771 δεῖν
428 1730 537 1781 ὑμᾶς
564 1726 596 1770 ὦ
623 1730 778 1783 ἄνδρες
795 1727 1018 1783 Ἀθηναῖοι
1044 1729 1141 1783 περὶ
1161 1729 1571 1789 τηλικούτωνῗὲἳνὲἓ·

87 1799 435 1853 βουλευομένους
462 1801 635 1841 διδόναι
660 1801 906 1853 παρρησίαν
932 1798 1094 1856 ἑκάστῳ
1120 1807 1210 1841 τῶν
1237 1802 1430 1853 συμβου-

88 1871 318 1912 λευόντων.
339 1869 421 1924 ἐγὼ
437 1868 473 1911 δ’
495 1869 1012 1924 οὐδεπώποθ’ἡγησάμην
1031 1871 1220 1925 χαλεπὸν
1240 1872 1287 1912 τὸ
1309 1871 1430 1912 διδά-

0 1944 62 1980 191
86 1939 154 1991 ξαι
167 1941 220 1982 τὰ
233 1940 427 1994 βέλτισθ’
445 1942 554 1993 ὑμᾶς
569 1940 644 1996 (ὡς
658 1941 739 1994 γὰρ
755 1943 894 1983 εἰπεῖν
908 1941 1064 1995 ἁπλῶς,
1079 1942 1278 1995 ἅπαντεςΙ
1293 1941 1431 1994 ὑπάρ-

85 2027 178 2066 χειν
213 2010 447 2065 ἐγνωκότες
481 2027 554 2063 μοι
590 2010 792 2066 δοκεῖτε),
826 2011 935 2053 ἀλλὰ
964 2013 1013 2054 τὸ
1046 2019 1190 2053 πεῖσαι
1225 2012 1430 2065 πράττειν

32 2100 65 2124 20
84 2088 236 2124 ταῦτα·
263 2080 439 2124 ἐπειδὰν
464 2082 545 2136 γάρ
572 2097 613 2123 τι
639 2081 743 2139 δόξῃ
768 2083 839 2124 καὶ
863 2086 1083 2138 ψηφισθῇ,
1107 2081 1195 2124 τότ’
1226 2083 1324 2124 ἴσον
1349 2089 1427 2124 τοῦ

85 2157 337 2208 πραχθῆναι
363 2152 509 2207 ἀπέχει
536 2153 723 2206 ὅσονπερ
749 2153 854 2206 πρὶν
880 2153 1013 2204 δόξαι.
1052 2152 1142 2195 ἔστι
1168 2154 1247 2206 μὲν
1274 2150 1355 2195 οὖν
1381 2153 1430 2195 ἓν
1453 2166 1471 2195 2
1530 2173 1534 2178 ·

84 2220 147 2265 ὧν
173 2222 255 2277 ἐγὼ
281 2225 439 2276 νομίζω
465 2223 593 2278 χάριν
618 2224 727 2276 ὑμᾶς
753 2231 842 2274 τοῖς
868 2228 990 2274 θεοῖς
1016 2225 1229 2279 ὀφείλειν,
1254 2225 1302 2266 τὸ
1328 2226 1430 2274 τοὺς
