1689 2531
146 1017 191 1046 10

145 1587 186 1616 11

217 126 274 167 84
702 125 1078 159 ΔΗΜΟΣΘΕΝΟΤΣ
1479 125 1573 169 [VHI

1680 222 1682 229 ἡ
1677 180 1686 214 -ιν
1676 58 1686 166 ’,ιρις-κ..
1675 0 1686 50 <voe

215 227 371 264 θενται
407 222 478 263 καὶ
504 222 585 274 τὴν
611 223 791 277 εἰρήνην
817 221 981 275 ταύτην
1008 221 1238 275 ὁρίζονται,
1265 221 1270 277 Ι
1300 221 1367 263 ὅτι
1392 219 1472 273 μὲν
1499 220 1573 274 δή-
1594 224 1642 259 92
1683 240 1686 246 λ

215 297 388 335 πουθεν
409 292 510 334 οὔθ’
531 292 612 335 ὅσι’
634 291 724 335 οὔτ’
745 292 903 334 ἀνεκτὰ
924 292 1130 346 λέγουσιν
1145 291 1244 334 οὔθ’
1265 292 1371 345 ὑμῖν
1385 290 1574 346 ἀσφαλῆ,
1687 281 1689 285 ⁸

216 365 353 418 δῆλόν
379 362 499 406 ἐστιν
525 364 699 418 ἅπασιν,
726 364 778 405 οὐ
805 364 892 418 μὴν
912 363 1005 405 ἀλλ’
1032 362 1207 405 ἐναντία
1229 364 1460 417 συμβαίνει
1479 368 1572 411 ταῖς

215 436 493 490 κατηγορίαις
515 435 563 485 ἃς
584 437 859 484 Διοπείθους
879 440 1202 489 κατηγοροῦσιν
1222 435 1293 476 καὶ
1313 434 1423 476 αὐτὰ
1436 439 1573 476 ταῦτα

217 506 361 560 λέγειν
398 506 570 556 αὐτούς.
612 508 655 548 τί
678 507 761 561 γὰρ
796 507 956 560 δήποτε
994 510 1053 563 τῷ
1081 507 1162 559 μὲν
1202 507 1403 563 Φιλίππῳ
1429 506 1572 548 πάντα
1593 521 1609 547 5

215 579 350 619 τᾶλλα
376 586 520 620 ποιεῖν
548 577 751 628 ἐξουσίαν
779 578 996 632 δώσομεν,
1033 577 1087 619 ἂν
1112 584 1186 631 τῆς
1206 575 1392 631 Ἀττικῆς
1419 576 1575 632 ἄπέχη-
1674 595 1683 640 ἢ

215 665 298 703 ται,
323 654 383 706 τῷ
403 651 640 691 Διοπείθει
667 648 707 691 δ’
738 649 842 691 οὐδὲ
869 651 1057 703 βοηθεῖν
1082 655 1172 699 τοῖς
1204 647 1367 705 Θρᾳξὶν
1395 647 1576 703 ἐξέσται,
1672 636 1683 738 J

215 719 239 773 ἢ
274 721 467 773 πόλεμον
499 728 645 761 ποιεῖν
677 720 813 761 αὐτὸν
840 721 1058 774 φήσομεν;
1094 719 1204 761 ἀλλὰ
1229 720 1283 774 νὴ
1311 720 1413 774 Δία,
1438 725 1574 761 ταῦτα
1673 742 1682 777 3

215 792 296 844 μὲν
317 789 628 846 ἐξελέγχονται,
649 792 772 833 δεινὰ
786 797 963 832 ποιοῦσι
985 788 1022 831 δ’
1050 791 1089 832 οἱ
1111 789 1226 841 ξένοι
1241 791 1574 845 περικόπτοντες
1678 780 1681 790 ’

215 864 268 904 τὰ
301 861 349 904 ἐν
374 860 700 919 Ἑλλησπόντῳ,
732 863 803 903 καὶ
836 863 1081 916 Διοπείθης
1114 861 1255 903 ἀδικεῖ
1286 861 1487 915 κατάγων
1521 862 1573 903 τὰ
1595 878 1627 904 ιο
1671 792 1682 910 λ

216 937 360 988 πλοῖα,
378 933 450 975 καὶ
471 934 539 974 δεῖ
551 934 607 987 μὴ
624 931 870 987 ἐπιτρέπειν
885 932 1014 989 αὐτῷ.
1039 930 1163 986 ἔστω,
1181 932 1405 986 γιγνέσθω
1426 939 1575 986 ταῦτα,
1672 913 1683 994 ³

219 1005 352 1047 οὐδὲν
379 1004 601 1058 ἀντιλέγω.
635 999 754 1057 οἶμαι
780 1004 929 1056 μέντοι
956 1004 1064 1059 δεῖν,
1090 1004 1209 1058 εἴπερ
1231 1004 1287 1053 ὡς
1308 1003 1484 1058 άληθῶς
1505 1002 1574 1046 ε’πὶ

215 1082 321 1117 πᾶσι
348 1077 532 1125 δικαίοις
564 1082 700 1117 ταῦτα
728 1075 1128 1129 συμβουλεύουσιν,
1160 1075 1304 1129 ὥσπερ
1331 1076 1411 1130 τὴν
1436 1075 1574 1130 ὑπάρ-

214 1159 382 1202 χουσαν
413 1154 464 1202 τῇ
491 1148 615 1188 πόλει
642 1147 833 1199 δύναμιν
859 1149 1098 1188 καταλῦσαι
1125 1149 1341 1200 ζητοῦσιν,
1371 1147 1449 1188 τὸν
1475 1144 1575 1201 ἑφε-
1670 1175 1682 1224 ss

216 1219 401 1272 στηκότα
433 1219 504 1259 καὶ
537 1219 769 1272 πορίζοντα
801 1219 996 1273 χρήματα
1028 1218 1162 1275 ταύτῃ
1190 1217 1499 1270 διαβάλλοντες
1526 1216 1574 1259 ἐν
1594 1234 1626 1260 15
1670 1216 1683 1292 {¹

214 1290 333 1344 ὑμῖν,
359 1289 472 1331 οὕτω
500 1290 580 1343 τὴν
613 1290 833 1330 Φιλίππου
862 1289 1053 1341 δύναμιν
1088 1287 1225 1338 δεῖξαι
1252 1287 1574 1342 διαλυθησομέ-

214 1377 310 1415 νην,
346 1360 400 1402 ἂν
435 1361 557 1413 ὑμεῖς
592 1366 728 1401 ταῦτα
762 1364 984 1413 πεισθῆτε.
1027 1361 1063 1401 εἰ
1097 1359 1144 1400 δὲ
1170 1360 1240 1413 μή,
1275 1358 1476 1401 σκοπεῖθ’
1507 1359 1573 1402 ὅτι

215 1432 349 1474 οὐδὲν
375 1433 481 1474 ἄλλο
508 1437 715 1473 ποιοῦσιν
740 1430 765 1485 ἢ
793 1435 1028 1472 καθιστᾶσι
1055 1431 1135 1484 τὴν
1161 1431 1292 1472 πόλιν
1319 1431 1378 1480 εἰς
1398 1431 1477 1472 τὸν
1497 1430 1573 1472 αὐ-

214 1504 292 1545 τὸν
327 1505 493 1558 τρόπον
528 1500 583 1545 δι’
625 1500 677 1544 οὗ
719 1503 771 1544 τὰ
809 1503 1005 1557 παρόντα
1040 1498 1265 1556 πράγμαθ’
1303 1498 1454 1543 ἅπαντ’
1493 1500 1572 1543 ἀπ-

216 1577 392 1617 όλωλεν.
432 1575 523 1616 ’ίστε
549 1575 631 1629 γὰρ
661 1576 801 1628 δήπου
829 1571 977 1629 τοῦθ’,
1010 1574 1075 1615 ὅτι
1102 1573 1253 1615 οὐδενὶ
1278 1579 1367 1614 τῶν
1393 1572 1572 1614 πάντων
1592 1590 1626 1615 20
1678 1578 1680 1627 j

215 1646 350 1688 πλέον
370 1646 604 1701 κεκράτηκε
623 1647 839 1695 Φίλιππος
859 1645 883 1699 ἡ
900 1650 959 1703 τῷ
973 1646 1182 1699 πρότερος
1197 1645 1304 1699 πρὸς
1324 1651 1414 1693 τοῖς
1435 1643 1571 1698 πράγ-

215 1728 319 1770 μασι
346 1719 594 1772 γίγνεσθαι.
628 1717 649 1758 ὁ
677 1717 758 1769 μὲν
783 1717 865 1771 γὰρ
894 1714 1005 1771 ἔχων
1033 1716 1223 1768 δύναμιν
1251 1722 1572 1769 συνεστηκυῖαν

216 1789 300 1830 αἰεὶ
315 1789 414 1843 περὶ
429 1789 566 1830 αὑτὸν
586 1789 657 1830 καὶ
673 1788 886 1842 προειδὼς
902 1787 927 1829 ἃ
947 1787 1153 1841 βούλεται
1173 1785 1345 1841 πρᾶξαι,
1365 1784 1571 1840 ἐξαίφνης

215 1857 282 1914 ἐφ’
316 1859 391 1909 οὓς
420 1855 473 1901 ἂν
500 1859 617 1916 αὐτῷ
638 1859 742 1916 δόξῃ
768 1859 995 1912 πάρεστιν·
1015 1859 1136 1912 ἡμεῖς
1157 1857 1191 1899 δ’
1221 1855 1399 1898 ἐπειδὰν
1418 1857 1571 1898 πυθώ-

214 1930 331 1983 μεθά
355 1947 397 1972 τι
422 1932 701 1985 γιγνόμενον,
725 1935 962 1984 τηνικαῦτα
989 1928 1310 1983 θορυβούμεθα
1336 1927 1407 1969 καὶ
1433 1942 1569 1983 παρα-
1590 1945 1622 1971 25

217 2003 526 2055 σκευαζόμεθα.
560 1997 633 2043 εἶτ’
661 1996 780 2053 οἶμαι
802 2002 1032 2054 συμβαίνει
1053 2005 1112 2057 τῷ
1131 2000 1211 2052 μὲν
1232 1996 1299 2053 ἐφ’
1326 1999 1352 2041 ἃ
1373 1998 1427 2040 ἂν
1447 1996 1570 2056 ἔλθῃ,

214 2071 334 2114 ταῦτ’
376 2071 492 2128 ἔχειν
526 2073 633 2114 κατὰ
668 2073 836 2126 πολλὴν
869 2072 1075 2126 ἡσυχίαν,
1108 2071 1213 2125 ἡμῖν
1249 2069 1287 2112 δ’
1317 2070 1570 2125 ὑστερίζειν,

214 2144 286 2185 καὶ
307 2143 371 2185 ὄσ’
399 2143 453 2185 ἂν
475 2145 807 2197 δαπανήσωμεν,
828 2140 1009 2199 ἄπανΙτα
1029 2142 1169 2196 μάτην
1189 2140 1473 2196 ἀνηλωκέναι,
1498 2141 1570 2182 καὶ
1590 2144 1640 2180 93

214 2215 295 2269 τὴν
320 2215 401 2268 μὲν
427 2213 594 2270 ἔχθραν
620 2215 692 2256 καὶ
718 2215 766 2256 τὸ
793 2213 1038 2267 βούλεσθαι
1065 2212 1252 2253 κωλύειν
1279 2210 1569 2267 ἐνδεδεῖχθαι,

212 2286 516 2340 ὑστερίζοντας
549 2286 596 2327 δὲ
628 2293 716 2327 τῶν
742 2283 884 2340 ἔργων
910 2284 1124 2339 αἰσχύνην
1155 2282 1568 2338 προσοφλισκάνειν.
1588 2300 1622 2326 so

1668 2075 1674 2187 ἰ
