1689 2531
223 83 304 124 138
717 82 1073 120 ΑΝΑΞΙΜΕΝΟΤΣ
1513 84 1571 127 [n

174 190 193 220 3
220 178 359 221 ἔπειθ’
399 173 463 228 οἷς
496 179 711 233 πρότερον
742 177 934 233 ηὐξήθη,
969 179 1213 233 φενακίζων
1244 179 1330 220 αἰεί
1353 193 1474 228 τινας
1499 179 1570 220 καὶ

77 238 195 299 ῙςῙἾὸῙὲξέ
219 249 368 305 μεγάλ’
400 249 770 304 ἐπαγγελλόμενος
797 249 1110 304 εὐεργετήσειν,
1135 254 1270 290 ταῦτα
1295 249 1436 290 πάντα
1462 247 1572 299 διεξ-

221 323 439 375 ελήλυθεν
464 322 560 375 ἤδη,
585 321 656 362 καὶ
682 320 968 374 γιγνώσκεται
994 320 1074 372 μὲν
1099 319 1184 361 ὑπὸ
1204 327 1293 361 τῶν
1313 320 1572 372 Περινθίων

222 393 292 434 καὶ
319 393 572 443 Βυζαντίων
605 392 677 433 καὶ
702 399 791 433 τῶν
818 389 999 440 ἐκείνοις
1027 391 1374 444 συμμαχούντων
1399 391 1455 440 ὡς
1483 389 1572 432 ἐπι-

79 475 202 500 V11164
222 468 357 516 θυμεῖ
387 466 739 517 προσενεχθῆναι
772 462 943 511 τούτοις
976 463 1053 503 τὸν
1087 461 1222 503 αὐτὸν
1249 462 1412 515 τρόπον
1439 461 1571 516 ὅνπερ
1592 480 1608 505 5

175 546 196 576 4
222 534 471 583 Ὀλυνθίοις
509 535 743 588 πρότερον,
778 533 857 574 οὐκ
893 532 1112 587 ἀγνοεῖται
1150 530 1186 573 δ’
1224 532 1309 574 ὑπὸ
1347 535 1574 574 Θετταλῶν

223 606 460 659 δεσπόζειν,
492 602 583 645 ἀλλ’
616 604 695 658 οὐχ
725 605 927 658 ἡγεῖσθαι
959 612 1047 645 τῶν
1074 603 1312 658 συμμάχων
1337 603 1572 657 προαιρού-

222 692 364 730 μενος,
383 675 672 717 ὑποπτεύεται
694 673 730 716 δ’
757 675 842 716 ὑπὸ
866 676 1070 728 Θηβαίων
1086 676 1279 716 Νίκαιαν
1298 674 1378 727 μὲν
1399 679 1576 731 φρουρᾷ

222 747 433 802 κατέχων,
468 748 527 795 εἰς
561 746 609 787 δὲ
641 747 721 800 τὴν
753 745 1075 800 ἀμφικτυονίαν
1109 745 1388 799 εἰσδεδυκώς,
1419 745 1494 794 τὰς
1527 745 1575 786 δὲ

223 819 454 873 πρεσβείας
486 818 559 867 τὰς
593 816 638 858 ἐκ
666 819 1012 870 Πελοποννήσου
1045 817 1152 870 πρὸς
1185 817 1320 858 αὑτὸν
1353 817 1472 870 ἄγων
1503 816 1575 857 καὶ
1596 834 1628 859 10

224 891 304 944 τὴν
332 888 510 930 ἐκείνων
537 889 785 943 συμμαχίαν
810 888 1177 942 παραιρούμενος·
1211 887 1322 929 ὥστε
1347 895 1436 928 τῶν
1462 887 1579 945 αὐτῷ

225 961 309 1015 πρὸ
341 966 419 1002 τοῦ
453 961 596 1014 φίλων
628 961 771 1002 ὄντων
802 960 903 1008 τοὺς
929 959 1009 1011 μὲν
1041 964 1125 1000 νῦν
1157 961 1362 1010 πολεμεῖν
1394 958 1576 1000 ἀκαταλ-

227 1032 402 1085 λάκτως,
433 1032 534 1079 τοὺς
562 1030 609 1071 δὲ
635 1029 784 1084 μηκέτι
810 1030 1070 1084 προθύμους
1097 1025 1209 1070 εἶναι
1237 1029 1577 1083 συναγωνιστάς,

179 1115 199 1145 5
227 1103 418 1151 ἅπαντας
440 1099 475 1143 δ’
502 1101 760 1156 ὑφορᾶσθαι
781 1102 852 1142 καὶ
874 1102 1193 1154 διαβεβλῆσθαι
1214 1101 1321 1155 πρὸς
1342 1100 1488 1142 αὐτόν.
1515 1097 1577 1141 ἔτι

229 1175 384 1215 τοίνυν
411 1172 534 1228 (οὐδὲ
560 1173 642 1227 γὰρ
669 1171 786 1214 τοῦτ’
813 1170 902 1213 ἔστι
929 1170 1105 1227 μικρόν)
1139 1172 1178 1213 οῖ
1205 1172 1312 1213 κατὰ
1337 1172 1417 1226 τὴν
1434 1170 1579 1213 Ἀσίαν
1600 1189 1632 1215 15

232 1245 446 1299 σατράπαι
461 1248 732 1293 καθεστῶτες
753 1241 934 1298 ἔναγχος
955 1243 1034 1295 μὲν
1057 1242 1207 1293 ξένους
1236 1241 1578 1297 [μισθοφόρους]

231 1315 545 1368 εἰσπέμψαντες
568 1314 793 1356 ἐκώλυσαν
814 1313 1211 1368 ἐκπολιορκηθῆναι
1233 1313 1477 1368 Πέρινθον,
1495 1319 1581 1354 νῦν

232 1387 279 1428 δὲ
305 1393 379 1441 τῆς
406 1384 567 1441 ἔχθρας
595 1386 742 1435 αὐτοῖς
770 1384 1008 1438 ἐνεστώσης
1034 1385 1106 1426 καὶ
1131 1391 1210 1426 τοῦ
1237 1384 1449 1426 κινδύνου
1476 1387 1581 1439 πλη-

231 1459 329 1500 σίον
362 1459 501 1511 ὄντος,
527 1458 563 1498 εἰ
591 1458 907 1512 χειρωθήσεται
934 1456 1188 1510 Βυζάντιον,
1214 1455 1266 1497 οὐ
1293 1456 1432 1507 μόνον
1457 1455 1582 1497 αὐτοὶ

184 1542 203 1572 6
231 1529 470 1583 προθύμως
493 1530 918 1581 συμπολεμήσουσιν,
938 1526 1047 1568 ἀλλὰ
1065 1527 1137 1568 καὶ
1157 1526 1338 1581 βασιλέα
1353 1526 1578 1582 [Περσῶν]
1600 1546 1634 1572 20

231 1602 425 1655 χρήματα
457 1606 662 1654 χορηγεῖν
693 1600 797 1653 ἡμῖν
829 1598 1161 1653 προτρέψονται,
1193 1598 1238 1647 ὃς
1265 1603 1478 1639 τοσοῦτον
1503 1598 1583 1650 μὲν

231 1670 429 1724 κέκτηται
462 1674 655 1712 πλοῦτον
689 1671 795 1711 ὅσον
822 1668 916 1711 οὐδ’
949 1669 988 1710 οἱ
1017 1669 1160 1710 λοιποὶ
1187 1669 1357 1723 πάντες,
1381 1669 1584 1722 τηλικαύ-

231 1758 312 1796 την
339 1740 376 1783 δ’
408 1740 495 1797 ἔχει
526 1742 675 1796 ῥώμην
706 1742 813 1795 πρὸς
846 1741 920 1790 τὰς
953 1739 1116 1781 ἐνθάδε
1147 1739 1340 1794 πράξεις,
1371 1739 1481 1781 ὥστε
1512 1740 1583 1781 καὶ

231 1814 460 1868 πρότερον,
485 1814 614 1867 ἡνίκα
634 1810 1009 1864 Λακεδαιμοῖνίοις
1031 1809 1338 1865 ἐπολεμοῦμεν,
1358 1809 1581 1865 ὁποτέροις
1602 1814 1662 1851 154

233 1885 490 1938 πρόσθοιτο,
519 1884 702 1933 τούτους
730 1882 865 1925 ἐποίει
891 1889 1066 1937 κρατεῖν
1092 1889 1180 1923 τῶν
1206 1880 1378 1936 ἑτέρων,
1402 1881 1474 1922 καὶ
1498 1887 1584 1923 νῦν
1604 1899 1637 1926 25

234 1954 334 2008 μεθ’
351 1956 473 2009 ἡμῶν
487 1956 722 2009 γενόμενος
738 1954 897 2011 ῥαδίως
912 1955 1254 2007 καταπολεμήσει
1268 1953 1348 2007 τὴν
1364 1953 1584 1994 Φιλίππου

237 2027 439 2079 δύναμιν.

189 2111 206 2140 7
297 2098 418 2150 Πρὸς
444 2099 598 2139 τοίνυν
624 2097 794 2146 τούτοις
820 2096 1090 2150 τηλικούτοις
1117 2092 1258 2149 οὖσιν,
1292 2094 1372 2136 οὐκ
1398 2092 1480 2149 ἐρῶ
1507 2093 1587 2147 μὲν

149 2183 210 2207 119
237 2169 293 2218 ὡς
326 2168 378 2210 οὐ
412 2169 485 2209 διὰ
515 2169 596 2222 τὴν
629 2169 808 2222 εἰρήνην
839 2167 978 2208 πολλὰ
1012 2167 1279 2221 προείληφεν
1304 2166 1426 2220 ἡμῶν
1451 2165 1587 2219 χωρία

236 2240 308 2281 καὶ
341 2239 515 2292 λιμένας
547 2240 617 2280 καὶ
653 2237 827 2281 τοιαῦθ’
865 2238 989 2292 ἔτερα
1020 2240 1208 2293 χρήσιμα
1246 2238 1352 2291 πρὸς
1385 2237 1588 2292 πόλεμον,
1607 2254 1640 2279 3ο
