1689 2531
157 2159 177 2189 8

199 64 281 104 144
602 64 860 96 ΕΠΙΣΤΟΛΗ
886 63 1138 96 ΦΙΛΙΠΠΟΤ
1470 64 1545 108 [ΧΠ

193 162 359 215 κήρυκα
379 160 451 201 καὶ
469 158 672 214 πρέσβεις
691 159 763 200 καὶ
782 166 872 209 τοῖς
895 159 1042 208 ἄλλοις
1069 158 1231 200 ἅπασιν
1257 157 1408 213 ἀσεβὲς
1431 155 1543 202 εἶναι

195 232 314 273 δοκεῖ
338 231 410 272 καὶ
435 227 612 283 μάλισθ’
645 230 768 282 ὑμῖν·
807 229 1053 284 Μεγαρέων
1080 235 1192 284 γοῦν
1209 228 1547 285 Ἀνθεμόκριτον

194 301 443 343 ἀνελόντων
464 302 523 350 εἰς
543 299 659 342 τοῦτ’
692 299 915 355 ἐλήλυθεν
941 300 963 342 ὁ
992 301 1140 354 δῆμος,
1161 300 1271 342 ὥστε
1296 302 1548 356 μυστηρίων

194 373 274 426 μὲν
309 368 457 427 εἶργον
490 371 662 426 αὐτούς,
696 372 935 426 ὑπόμνημα
966 371 1014 413 δὲ
1048 377 1122 425 τῆς
1157 370 1327 421 ἀδικίας
1362 369 1549 426 ἔστησαν

195 443 435 498 ἀνδριάντα
467 443 551 497 πρὸ
583 450 672 484 τῶν
703 445 867 484 πυλῶν.
914 443 1054 483 καίτοι
1087 449 1176 491 πῶς
1202 441 1256 484 οὐ
1283 443 1450 498 δεινόν,
1476 439 1544 497 ἐφ’
1569 459 1584 485 5

196 509 260 564 οἷς
299 515 518 564 παθόντες
564 514 701 563 οὕτως
741 512 971 568 ἐμισήσατε
1015 515 1117 563 τοὺς
1162 513 1425 568 δράσαντας,
1463 519 1549 555 νῦν

196 583 354 635 αὐτοὺς
393 586 634 639 φαίνεσθαι
672 590 926 634 ποιοῦνταςς
961 585 1154 634 Καλλίας
1192 585 1347 626 τοίνυν
1384 583 1406 626 ὁ
1445 581 1544 639 παρ’

195 657 319 709 ὑμῶν
357 656 595 710 στρατηγὸς
633 655 707 705 τὰς
745 655 825 707 μὲν
863 656 1009 704 πόλεις
1046 655 1121 704 τὰς
1154 653 1201 696 ἐν
1232 659 1291 711 τῷ
1320 655 1549 712 Παγασίτῃ

196 728 341 783 κόλπῳ
362 726 701 779 κατοικουμένας
722 724 878 779 ἔλαβεν
899 725 1079 780 ἁπάσας,
1103 726 1209 778 ὑμῖν
1229 726 1310 779 μὲν
1330 724 1550 784 ἐνόρκους,
1677 720 1689 754 Ῑ“

197 797 290 850 ἐμοὶ
318 798 365 839 δὲ
392 798 662 852 συμμαχίδας
689 797 835 852 οὔσας,
859 798 961 846 τοὺς
989 794 1025 838 δ’
1053 798 1113 846 εἰς
1139 797 1426 838 [Μακεδονίαν
1451 797 1552 839 πλέ-
1572 814 1605 839 10

197 885 325 918 οντας
353 867 507 910 ἐπώλει
533 868 697 918 πάντας
723 869 956 920 πολεμίους
982 868 1163 920 κρίνων·
1196 868 1268 909 καὶ
1295 868 1367 909 διὰ
1392 866 1520 909 ταῦθ’
1541 869 1547 920 Ι

197 941 320 992 ὑμεῖς
353 937 538 997 ἐπῃνεῖτ’
572 938 708 980 αὐτὸν
741 937 789 980 ἐν
821 946 911 988 τοῖς
942 940 1235 993 ψηφίσμασιν.
1280 938 1380 981 ὥστ’
1419 936 1546 994 ἔγωγ’
1573 943 1650 977 160

198 1011 346 1065 ἀπορῶ
382 1012 426 1052 τί
458 1009 552 1052 ποτ’
584 1008 704 1052 ἔσται
739 1011 1015 1065 καινότερον,
1051 1008 1128 1051 ἐὰν
1160 1009 1458 1065 ὁμολογήσητέ
1479 1026 1553 1063 μοι

198 1085 420 1134 πολεμεῖν·
447 1082 518 1123 καὶ
538 1082 620 1136 γὰρ
642 1082 712 1123 ὅτε
733 1088 933 1136 φανερῶς
955 1082 1264 1136 διεφερόμεθα,
1289 1082 1446 1138 λῃστὰς
1468 1080 1554 1132 ἐξε-

198 1153 384 1207 πέμπετε
410 1152 481 1194 καὶ
506 1154 608 1202 τοὺς
635 1152 845 1202 πλέοντας
871 1152 928 1202 ὡς
948 1153 1056 1206 ἡμᾶς
1078 1150 1292 1207 ἐπωλεῖτε,
1317 1159 1407 1202 τοῖς
1428 1150 1552 1194 ἐναν-
1572 1169 1604 1195 15

198 1226 306 1274 τίοις
333 1223 572 1278 ἐβοηθεῖτε,
596 1224 677 1278 τὴν
703 1223 850 1278 χώραν
874 1239 958 1275 μου
986 1230 1124 1272 κακῶς
1151 1221 1343 1265 ἐποιεῖτε.

259 1295 403 1349 Χωρὶς
429 1296 583 1336 τοίνυν
616 1295 675 1344 εἰς
702 1300 831 1336 τοῦτο
857 1295 1129 1348 παρανομίας
1155 1293 1320 1349 ἀφῖχθε
1350 1293 1422 1336 καὶ
1448 1294 1553 1336 δυσ-

199 1367 391 1421 μενείας,
418 1366 528 1407 ὥστε
553 1365 625 1406 καὶ
657 1366 765 1419 πρὸς
791 1365 870 1406 τὸν
896 1365 1076 1419 Πέρσην
1108 1364 1312 1419 πρέσβεις
1343 1363 1553 1407 ἀπεστάλ-

200 1453 301 1479 κατε
333 1438 564 1486 πείσοντας
596 1436 732 1477 αὐτὸν
765 1434 858 1488 ἐμοὶ
891 1439 1114 1488 πολεμεῖν·
1147 1435 1169 1477 ὃ
1201 1433 1369 1488 μάλιστ’
1402 1436 1457 1477 ἄν
1487 1451 1552 1485 τις

200 1508 483 1561 θαυμάσειεν.
522 1508 606 1562 πρὸ
639 1507 721 1560 μὲν
751 1507 834 1561 γὰρ
868 1512 945 1548 τοῦ
981 1508 1131 1560 λαβεῖν
1163 1506 1299 1548 αὐτὸν
1325 1506 1555 1560 Αἴγυπτον
1575 1525 1609 1550 20

201 1580 272 1621 καὶ
292 1581 504 1633 Φοινίκην
528 1577 820 1632 ἐψηφίσασθε,
841 1577 895 1619 ἂν
916 1576 1078 1627 ἐκεῖνός
1098 1593 1139 1619 τι
1159 1578 1401 1634 νεωτερίζῃ,
1419 1591 1555 1632 παρα-

201 1654 350 1692 καλεῖν
386 1650 543 1702 ὀμοίως
579 1648 652 1702 ἐμὲ
687 1649 759 1690 καὶ
793 1651 896 1698 τοὺς
928 1649 1086 1698 ἄλλους
1110 1646 1331 1703 ’Έλληνας
1365 1648 1555 1697 ἅπαντας

204 1720 267 1763 ἐπ’
299 1721 452 1763 αὐτόν·
481 1727 567 1763 νῦν
594 1721 641 1762 δὲ
667 1726 881 1762 τοσοῦτον
907 1721 1012 1772 ὑμῖν
1038 1721 1230 1774 περίεστι
1255 1726 1334 1761 τοῦ
1355 1720 1463 1773 πρὸς
1484 1717 1557 1771 ἐμὲ

201 1794 371 1847 μίσους,
390 1794 500 1834 ὥστε
514 1793 622 1847 πρὸς
644 1790 813 1833 ἐκεῖνον
828 1790 1086 1845 διαλέγεσθε
1105 1791 1204 1845 περὶ
1224 1797 1298 1844 τῆς
1319 1789 1556 1845 ἐπιμαχίας.

203 1865 343 1906 καίτοι
369 1867 417 1905 τὸ
443 1864 632 1904 παλαιὸν
658 1863 698 1904 οῑ
719 1861 898 1916 πατέρες
918 1862 1054 1916 ὑμῶν,
1080 1862 1136 1911 ὡς
1158 1860 1239 1916 ἐγὼ
1261 1861 1558 1914 πυνθάνομαι,
1576 1879 1609 1905 25

203 1942 293 1985 τοῖς
333 1935 716 1988 Πεισιστρατίδαις
755 1932 968 1986 ἐπετίμων
1001 1933 1057 1982 ὡς
1090 1932 1301 1987 ἐπάγουσι
1331 1933 1410 1975 τὸν
1442 1932 1557 1988 Πέρ-

205 2016 287 2060 σην
314 2004 383 2047 ἐπὶ
409 2003 757 2059 τοὺς“Ἐλληνας·
793 2005 915 2058 ὑμεῖς
948 2003 986 2046 δ’
1019 2004 1098 2046 οὐκ
1131 2005 1397 2059 αἰσχύνεσθε
1421 2010 1557 2046 ταῦτα

204 2083 433 2126 ποιοῦντες
460 2076 486 2118 ἃ
513 2077 741 2118 διετελεῖτε
766 2083 856 2126 τοῖς
881 2075 1116 2131 τυράννοις
1143 2074 1439 2129 ἐγκαλοῦντες.

255 2147 381 2189 Ἀλλὰ
421 2150 529 2202 πρὸς
564 2155 653 2197 τοῖς
691 2149 838 2197 ἄλλοις
876 2147 947 2189 καὶ
985 2146 1165 2202 γράφετ’
1208 2145 1256 2188 ἐν
1292 2153 1383 2197 τοῖς
1420 2147 1556 2201 ψηφί-

207 2229 366 2271 σμασιν
387 2217 481 2272 ἐμοὶ
502 2219 843 2274 προστάττοντες
865 2220 1010 2272 Τήρην
1029 2218 1101 2259 καὶ
1122 2216 1462 2273 Κερσοβλέπτην
1481 2216 1558 2259 ἐᾶν
1576 2235 1611 2259 3ο
