1689 2531
160 87 208 133 11]
641 86 964 119 οΛΤΝΘΙΑΚοΣ
988 86 1017 117 B
1444 83 1498 123 21

162 182 278 233 ξένοι
308 181 380 224 καὶ
413 181 653 237 πεζέταιροι
689 181 821 232 δόξαν
851 178 932 234 μὲν
961 178 1153 235 ἔχουσιν,
1184 180 1242 229 ὡς
1273 180 1358 221 εἰσὶ
1389 183 1501 220 θαυ-

161 252 316 309 μαστοὶ
342 253 414 294 καὶ
441 251 834 307 συγκεκροτημένοι
860 252 911 293 τὰ
937 257 1016 292 τοῦ
1041 250 1248 305 πολέμου,
1275 251 1333 299 ὡς
1359 247 1394 291 δ’
1417 248 1500 303 ἐγὼ

161 331 249 366 τῶν
271 321 321 365 ἐν
340 323 447 378 αὐτῇ
468 329 519 379 τῇ
539 324 657 379 χώρᾳ
676 321 979 377 γεγενημένων
997 322 1116 371 τινὸς
1134 323 1313 375 ἤκουον,
1340 321 1501 375 ἀνδρὸς

161 395 362 448 οὐδαμῶς
399 394 497 436 οἴου
535 409 581 436 τε
613 394 877 445 ψεύδεσθαι,
916 391 1114 434 οὐδένων
1146 392 1258 433 εἰσὶν
1289 392 1500 445 βελτίους.

125 479 141 506 5
161 467 201 507 εἰ
230 463 310 520 μὲν
341 465 423 519 γάρ
457 480 520 514 τις
552 465 662 519 ἀνήρ
690 463 809 506 ε’στιν
835 463 883 504 έν
908 463 1056 512 αὐτοῖς
1081 457 1173 512 οἷος
1197 460 1401 517 ἔμπειρος
1425 476 1502 503 πο-

161 535 293 589 λέμου
324 534 395 577 καὶ
422 534 620 589 ἀγώνων,
651 535 834 584 τούτους
865 532 944 588 μὲν
976 534 1203 588 φιλοτιμίᾳ
1233 533 1397 581 πάντας
1423 532 1501 574 ἀπ-

161 611 298 648 ωθεῖν
323 606 458 648 αὐτὸν
477 608 574 660 ἔφη,
599 607 871 660 βουλόμενον
897 603 1033 646 πάνθ’
1058 604 1195 645 αὑτοῦ
1216 604 1363 645 δοκεῖν
1389 600 1503 645 εἶναι

160 678 211 719 τὰ
242 675 348 730 ἔργα
380 675 506 733 (πρὸς
538 677 620 730 γὰρ
654 673 709 717 αὖ
740 683 832 726 τοῖς
864 676 1012 724 ἄλλοις
1040 675 1112 716 καὶ
1141 676 1220 728 τὴν
1246 674 1502 729 φιλοτιμίαν

161 747 493 801 ἀνυπέρβλητον
516 744 664 802 εἷναι)·
692 748 731 788 εἰ
750 746 801 788 δέ
817 762 881 796 τις
901 747 1093 800 σώφρων
1113 745 1137 799 ἢ
1159 746 1327 794 δίκαιος
1347 746 1500 796 ἄλλως,

109 834 141 859 ιο
160 819 239 873 τὴν
282 817 384 859 καθ’
414 817 579 872 ἡμέραν
622 817 835 871 ἀκρασίαν
878 823 957 859 τοῦ
1001 818 1101 871 βίου
1139 815 1210 858 καὶ
1249 815 1392 870 μέθην
1429 814 1499 856 καὶ

160 890 482 943 κορδακισμοὺς
514 888 566 930 οὐ
600 889 843 942 δυνάμενος
876 887 1043 942 φέρειν,
1073 891 1329 939 παρεῶσθαι
1355 886 1426 928 καὶ
1453 884 1500 927 ἐν

161 960 342 1008 οὐδενὸς
362 956 474 1001 εἶναι
494 958 614 1013 μέρει
635 959 711 1000 τὸν
731 966 945 1000 τοιοῦτον.
973 959 1152 1007 λοιποὺς
1173 958 1225 1011 δὴ
1246 955 1345 1011 περὶ
1367 957 1501 998 αὐτὸν

161 1028 273 1073 εἶναι
293 1030 451 1086 λῃστὰς
464 1028 535 1071 καὶ
554 1031 739 1079 κόλακας
754 1028 824 1071 καὶ
845 1029 1071 1078 τοιούτους
1089 1028 1367 1082 ἀνθρώπους,
1382 1027 1501 1076 οἴους

161 1100 466 1155 μεθυσθέντας
492 1100 720 1155 ὀρχεῖσθαι
746 1098 918 1142 τοιαῦθ’
952 1094 1006 1141 οἷ’
1032 1099 1114 1153 ἐγὼ
1142 1105 1226 1140 νῦν
1252 1098 1365 1140 ὀκνῶ
1392 1099 1502 1152 πρὸς

109 1187 142 1213 20
161 1172 272 1226 ὑμᾶς
311 1170 534 1224 ὀνομάσαι.
586 1172 723 1224 δῆλον
762 1170 798 1212 δ’
826 1172 890 1212 ὅτι
928 1168 1046 1211 ταῦτ’
1074 1168 1192 1211 ἐστὶν
1230 1168 1391 1222 ἀληθῆ·
1430 1169 1501 1210 καὶ

161 1245 242 1298 γὰρ
276 1242 352 1292 οὓς
381 1241 566 1283 ἐνθένδε
591 1243 750 1291 πάντες
776 1241 1030 1296 ἀπήλαυνον
1057 1240 1114 1290 ὡς
1139 1242 1251 1281 πολὺ
1277 1247 1365 1281 τῶν
1390 1244 1501 1280 θαυ-

161 1320 412 1368 ματοποιῶν
444 1311 782 1366 ἀσελγεστέρους
814 1314 956 1364 ὄντας,
994 1312 1191 1352 Καλλίαν
1224 1309 1392 1351 ἐκεῖνον
1425 1310 1502 1351 τὸν

162 1385 373 1438 δημόσιον
398 1382 468 1424 καὶ
494 1383 722 1432 τοιούτους
742 1383 1020 1436 ἀνθρώπους,
1047 1384 1206 1436 μίμους
1226 1383 1410 1434 γελοίων
1430 1379 1500 1422 καὶ

161 1455 340 1509 ποιητὰς
372 1456 564 1509 αἰσχρῶν
596 1451 811 1509 ᾀσμάτων,
845 1450 907 1495 ὧν
939 1455 1000 1502 εἰς
1031 1455 1132 1502 τοὺς
1165 1453 1379 1500 συνόντας
1406 1465 1502 1492 ποι-

110 1541 143 1566 2⁰
162 1532 290 1567 οῦσιν
320 1523 445 1567 ἕνεκα
477 1531 556 1566 τοῦ
587 1528 872 1578 γελασθῆναι,
910 1524 1093 1572 τούτους
1125 1522 1270 1578 ἀγαπᾷ
1300 1521 1370 1563 καὶ
1403 1522 1501 1575 περὶ

164 1596 297 1637 αὑτὸν
340 1593 438 1650 ἔχει.
487 1596 628 1637 καίτοι
669 1602 821 1649 ταῦτα,
864 1594 935 1636 καὶ
975 1598 1014 1636 εἰ
1049 1595 1180 1650 μικρά
1218 1610 1282 1643 τις
1320 1594 1500 1647 ἡγεῖται,

161 1665 308 1720 μεγάλ’
328 1664 360 1708 ὦ
389 1667 544 1720 ἄνδρες
564 1670 783 1720 Ἀθηναῖοι
811 1666 1017 1719 δείγματα
1042 1673 1117 1720 τῆς
1137 1665 1305 1707 ἐκείνου
1327 1665 1501 1718 γνώμης

163 1737 234 1778 καὶ
258 1737 594 1790 κακοδαιμονίας
627 1736 744 1778 ἐστὶν
775 1743 865 1785 τοῖς
891 1733 939 1777 εὖ
965 1741 1222 1790 φρονοῦσιν.
1258 1734 1348 1776 ἀλλ’
1382 1730 1501 1787 οἶμαι

162 1813 246 1849 νῦν
283 1807 362 1859 μὲν
401 1807 617 1849 ἐπισκοτεῖ
654 1808 825 1856 τούτοις
856 1808 903 1848 τὸ
935 1810 1201 1860 κατορθοῦν·
1241 1806 1288 1846 αῖ
1317 1807 1399 1859 γὰρ
1432 1806 1500 1846 εὐ-

111 1894 144 1920 25
164 1876 338 1933 πραξίαι
372 1878 512 1919 δειναὶ
545 1878 795 1932 συγκρύψαι
827 1878 878 1918 τὰ
910 1876 1083 1919 τοιαῦτ’
1114 1877 1279 1930 ὀνείδη·
1313 1878 1352 1917 εἰ
1383 1875 1434 1917 δέ
1462 1891 1503 1917 τι

94 1950 144 1987 24
162 1949 346 2002 πταίσει,
372 1947 458 1989 τότ’
484 1948 674 2002 ἀκριβῶς
701 1948 836 1990 αὐτοῦ
862 1945 981 1989 ταῦτ’
1001 1947 1343 2001 ἐξετασθήσεται.
1383 1947 1502 1987 δοκεῖ

164 2017 201 2060 δ’
226 2016 362 2073 ἔμοιγ’
389 2016 422 2060 ὦ
450 2020 607 2071 ἄνδρες
626 2018 847 2072 Ἀθηναῖοι
874 2018 1030 2068 δείξειν
1057 2018 1135 2060 οὐκ
1161 2019 1222 2067 εἰς
1241 2017 1424 2071 μακράν,
1447 2016 1501 2058 ἂν

165 2089 209 2131 οἳ
236 2104 281 2130 τε
313 2089 411 2131 θεοὶ
443 2088 605 2130 θέλωσι
637 2090 708 2130 καὶ
739 2089 860 2141 ὑμεῖς
892 2090 1127 2143 βούλησθε.
1167 2089 1308 2140 ὥσπερ
1342 2089 1422 2141 γὰρ
1455 2087 1503 2129 ἐν

164 2167 254 2209 τοῖς
268 2160 449 2213 σώμασι,
468 2159 572 2208 τέως
585 2157 664 2212 μὲν
679 2159 733 2200 ἂν
749 2159 992 2213 ἐρρωμένος
1006 2157 1032 2215 ᾗ
1046 2175 1122 2209 τις,
1144 2159 1277 2200 οὐδὲν
1292 2158 1502 2199 ἐπαισθά-

112 2247 146 2272 30
165 2245 298 2284 νεται,
330 2229 437 2272 ἐπὰν
458 2229 494 2271 δ’
515 2229 777 2283 ἀρρώστημά
796 2246 836 2271 τι
859 2232 1015 2285 συμβῇ,
1041 2231 1181 2271 πάντα
1201 2235 1395 2281 κινεῖται,
1421 2227 1503 2269 κᾶν

1529 472 1571 503 18

1529 968 1571 999 19

1529 1604 1572 1634 20

1522 1804 1559 1828 Is.
1570 1803 1614 1828 VI

1540 1841 1590 1865 102

1529 2098 1571 2128 21
