1689 2531
68 863 101 888 10

71 1215 102 1241 15

71 1570 105 1594 20

73 1923 105 1949 25

0 1987 3 2016 Ι
31 1979 107 2015 200

76 2277 109 2302 30

117 114 186 158 xv]
401 114 515 146 ΠΕΡΙ
540 114 636 145 ΤΗΣ
660 113 839 146 ΡΟΔΙῼΝ
863 112 1175 147 ΕΛΕΥΘΕΡΙΑΣ
1374 111 1454 152 181

118 209 382 264 ὡρμηκότων
417 209 598 264 αἰσχρὸν
629 209 737 262 ἡμᾶς
768 209 930 260 μόνους
961 208 1017 262 μὴ
1046 207 1224 261 ’θέλειν,
1254 206 1458 249 ἁπάντων

119 280 167 321 δὲ
197 287 287 321 τῶν
321 279 465 321 ἄλλων
497 280 610 329 ὅπως
642 278 810 320 ἀδικεῖν
842 279 1109 333 δυνήσονται
1139 281 1459 332 παρασκευαζοἥ

118 350 263 403 μένων
299 351 463 403 μόνους
499 351 608 404 ἡμᾶς
645 350 697 391 τὰ
735 350 880 391 δίκαια
917 351 1239 404 προτείνεσθαι,
1275 350 1460 403 μηδενὸς

120 420 589 475 ἀντιλαμβανομένους,
638 420 690 462 οὐ
742 421 1027 474 δικαιοσύνην
1076 419 1169 461 ἀλλ’
1218 419 1461 474 ἀνανδρίαν

119 493 324 546 ἡγοῦμαι·
351 491 438 546 ὁρῶ
465 492 547 546 γὰρ
574 491 765 541 ἅπαντας
791 492 899 546 πρὸς
923 492 1004 546 τὴν
1023 497 1251 545 παροῦσαν
1271 491 1461 543 δύναμιν

119 571 208 605 τῶν
240 563 421 604 δικαίων
458 561 753 615 ἀξιουμένους.
796 563 868 604 καὶ
898 563 1170 617 παράδειγμα
1203 561 1346 615 λέγειν
1378 559 1458 616 ἔχω

119 634 277 676 τούτου
297 639 432 675 πᾶσιν
450 634 555 686 ὑμῖν
574 634 808 688 γνώριμον.
839 634 922 675 εἰσὶ
942 637 1162 687 συνθῆκαι
1181 639 1271 681 τοῖς
1282 630 1460 685 ’Ἑλλησι

120 704 260 746 διτταὶ
290 704 398 758 πρὸς
429 704 623 759 βασιλέα,
655 704 703 754 ἃς
736 702 963 758 ἐποιήσαθ’
995 705 1020 758 ἡ
1052 705 1172 753 πόλις
1208 704 1233 756 ἡ
1267 702 1462 757 ἡμετέρα,

120 775 168 825 ἃς
195 775 380 825 ἅπαντες
401 773 725 829 ἐγκωμιάζουσι,
749 776 820 816 καὶ
840 776 945 827 μετὰ
964 774 1093 817 ταῦθ’
1118 775 1304 828 ὕστερον
1324 776 1461 815 Λακε-

121 847 354 900 δαιμόνιοι,
378 846 535 896 ταύτας
561 843 623 887 ὧν
650 847 702 900 δὴ
728 853 1037 900 κατηγοροῦσι·
1062 845 1144 887 κάν
1168 846 1344 894 ταύταις
1365 844 1462 898 οὐχὶ

120 916 255 958 ταύτὰ
287 915 419 958 δίκαι’
448 915 713 978 ἀμφοτέραις
746 917 937 971 ὥρισται.
981 925 1070 958 τῶν
1105 917 1185 969 μὲν
1221 917 1303 970 γὰρ
1337 916 1463 957 ἰδίων

121 988 302 1028 δικαίων
322 994 409 1028 τῶν
429 985 478 1029 ἐν
496 994 588 1037 ταῖς
608 989 842 1037 πολιτείαις
869 989 908 1029 οἱ
936 989 1062 1040 νόμοι
1087 988 1241 1041 κοινὴν
1265 987 1345 1041 τὴν
1367 1000 1463 1038 μετ-

122 1059 278 1099 ουσίαν
300 1055 461 1099 ἔδοσαν
486 1058 557 1099 καὶ
584 1059 684 1112 ἴσην
710 1059 781 1099 καὶ
806 1065 895 1108 τοῖς
916 1058 1123 1100 ἀσθενέσι
1143 1058 1213 1099 καὶ
1233 1064 1321 1106 τοῖς
1344 1058 1462 1111 ἰσχυ-

122 1135 232 1183 ροῖς·
263 1135 353 1170 τῶν
379 1127 417 1170 δ’
443 1126 710 1182 Ἑλληνικῶν
736 1129 917 1170 δικαίων
942 1130 983 1171 οἱ
1008 1135 1268 1183 κρατοῦντες
1294 1127 1462 1182 ὁρισταὶ

123 1206 212 1248 τοῖς
237 1199 386 1253 ’ἥττοσι
412 1200 650 1253 γίγνονται.

176 1268 349 1324 Ἐπειδὴ
376 1272 529 1312 τοίνυν
549 1271 653 1323 ὑμῖν
674 1269 909 1324 ἐγνωκέναι
929 1272 981 1313 τὰ
1001 1272 1146 1313 δίκαια
1165 1278 1308 1312 ποιεῖν
1327 1269 1462 1323 ὑπάρ-

122 1355 199 1395 χει,
231 1341 345 1390 ὅπως
370 1342 442 1382 καὶ
473 1340 630 1395 πρᾶξαι
656 1340 774 1383 ταῦτ’
808 1341 875 1396 ἐφ’
907 1343 1012 1394 ὑμῖν
1036 1340 1156 1383 ἔσται
1183 1343 1248 1383 δεῖ
1274 1347 1463 1382 σκοπεῖν.

123 1409 241 1452 ἔσται
274 1411 321 1452 δὲ
352 1409 490 1466 ταῦτ’,
521 1410 596 1453 ἐὰν
630 1413 918 1466 ὑποληφθῆτε
949 1412 1089 1454 κοινοὶ
1121 1412 1358 1466 προστάται
1390 1417 1464 1464 τῆς

122 1481 299 1523 πάντων
325 1480 576 1536 ἐλευθερίας
603 1478 726 1525 εἶναι.
759 1485 932 1532 εἰκότως
960 1483 1010 1525 δέ
1032 1499 1104 1535 μοι
1132 1484 1250 1524 δοκεῖ
1275 1482 1465 1538 χαλεπώ-

124 1568 255 1594 τατον
280 1552 386 1604 ὑμῖν
413 1548 524 1594 εἶναι
549 1552 706 1607 πρᾶξαι
733 1555 784 1595 τὰ
811 1554 976 1596 δέοντα.
1009 1561 1097 1604 τοῖς
1117 1554 1197 1606 μὲν
1215 1555 1297 1608 γὰρ
1319 1554 1465 1602 ἄλλοις

125 1623 287 1664 ἅπασιν
318 1622 571 1677 ἀνθρώποις
606 1619 665 1674 εἷς
698 1624 817 1678 ἀγών
843 1624 961 1666 ἐστιν
987 1625 1009 1667 ὁ
1035 1626 1142 1679 πρὸς
1173 1627 1275 1674 τοὺς
1306 1625 1467 1678 προδή-

126 1694 228 1743 λους
255 1692 456 1748 ἐχθρούς,
481 1691 542 1736 ὧν
563 1695 617 1736 ἂν
637 1698 922 1750 κρατήσωσιν,
948 1696 1080 1738 οὐδὲν
1100 1694 1300 1748 ἐμποδὼν
1320 1696 1467 1744 αὐτοῖς

125 1765 291 1819 κυρίοις
317 1772 406 1806 τῶν
438 1764 621 1819 ἀγαθῶν
648 1762 777 1807 εἶναι·
804 1767 910 1818 ὑμῖν
942 1764 979 1808 δ’
1011 1764 1043 1807 ὦ
1070 1767 1226 1820 ἄνδρες
1243 1765 1467 1820 Ἀθηναῖοι

127 1835 221 1889 δύο,
258 1832 384 1885 οὗτός
422 1835 470 1876 θ’
501 1836 522 1878 ὁ
562 1837 633 1877 καὶ
671 1843 760 1886 τοῖς
796 1838 942 1886 ἄλλοις
975 1838 1043 1879 καὶ
1076 1835 1285 1890 πρόσεσθ’
1325 1836 1467 1890 ἔτερος

125 1906 283 1948 τούτου
316 1907 524 1961 πρότερος
555 1907 626 1948 καὶ
652 1909 824 1959 μείζων·
863 1909 929 1949 δεῖ
953 1909 1034 1961 γὰρ
1068 1908 1176 1960 ὑμᾶς
1208 1907 1468 1961 βουλευομέ-

127 1992 232 2026 νους
257 1983 467 2031 κρατῆσαι
493 1985 582 2018 τῶν
607 1977 814 2020 τάναντία
840 1985 891 2034 τῇ
917 1980 1039 2020 πόλει
1066 1978 1166 2033 παρ’
1196 1979 1300 2031 ὑμῖν
1318 1991 1319 2033 1
1337 1979 1469 2032 πράτ-

126 2063 218 2089 τειν
250 2047 576 2104 προῃρημένων.
615 2049 720 2090 ὅταν
747 2046 827 2090 οὖν
852 2050 988 2103 μηδὲν
1013 2044 1039 2107 ᾗ
1066 2050 1137 2090 διὰ
1162 2050 1343 2099 τούτους
1370 2049 1468 2090 ἀκο-

127 2118 214 2159 νιτὶ
239 2125 328 2159 τῶν
355 2119 547 2161 δεόντων
563 2119 793 2175 γενέσθαι,
824 2124 998 2162 πολλῶν
1026 2121 1335 2173 διαμαρτάνειν
1360 2121 1469 2172 ὑμᾶς

129 2190 301 2238 εἰκότως
338 2191 579 2242 συμβαίνει.
618 2197 696 2232 τοῦ
731 2190 879 2242 μέντοι
912 2193 1100 2240 πολλοὺς
1137 2191 1272 2240 ἀδεῶς
1306 2191 1469 2244 ταύτην

128 2259 208 2313 τὴν
245 2259 367 2309 τάξιν
399 2261 620 2314 αἱρεῖσθαι
658 2268 732 2314 τῆς
763 2263 992 2316 πολιτείας,
1030 2262 1131 2312 ἴσως
1169 2262 1248 2314 μὲν
1279 2263 1322 2303 αὶ
1354 2262 1469 2315 παρὰ

1486 571 1529 601 29

1490 1279 1533 1309 30

1494 1774 1535 1805 31

1495 2202 1513 2230 3
1520 2201 1539 2231 2
