1689 2531
193 65 277 106 104
674 64 1048 98 ΔΗΜΟΣΘΕΝΟΤΣ
1478 65 1538 109 [11

123 173 164 203 15
242 158 350 203 Ἀλλ’
377 158 509 215 ἔστιν,
535 157 567 201 ὧ
593 160 701 214 πρὸς
727 166 805 202 τοῦ
826 161 949 215 Διός,
975 160 1091 209 ὅστις
1115 156 1162 201 εὗ
1185 166 1365 214 φρονῶν
1386 158 1432 201 ἑκ
1451 167 1539 202 τῶν

193 232 419 285 ὀνομάτων
445 234 611 284 μᾶλλον
637 230 662 284 ἣ
689 237 778 272 τῶν
803 230 1068 285 πραγμάτων
1089 230 1168 272 τὸν
1189 227 1333 284 ἄγοντ’
1360 231 1540 285 εἰρήνην

192 303 217 358 ἢ
238 300 505 355 πολεμοῦνθ’
526 301 665 359 ἑαυτῷ
680 299 870 353 σκέψαιτ’
891 302 964 353 ἄν;
990 301 1134 351 οὐδεὶς
1155 301 1308 355 δήπου.
1344 301 1365 344 ὀ
1385 302 1541 344 τοίνυν

199 376 412 424 Φίλιππος
448 371 490 424 ἐξ
523 372 668 428 ἀρχῆς,
705 373 802 427 ἄρτι
834 379 908 427 τῆς
940 373 1114 426 εἰρήνης
1145 373 1389 427 γεγονυίας,
1420 372 1541 414 οὔπω

194 446 468 494 Διοπείθους
514 449 861 498 στρατηγοῦντος
900 443 1004 485 οὐδὲ
1041 450 1129 484 τῶν
1167 444 1309 484 ὄντων
1347 441 1395 484 ἐν
1431 445 1578 498 Χερ-5

197 518 368 572 ρονήσῳ
419 521 505 557 νῦν
556 513 910 569 ἀπεσταλμένων,
958 513 1151 569 Σέρριον
1199 513 1272 555 καὶ
1319 515 1545 568 Δορίσκον

197 586 441 640 ἐλάμβανεν
485 586 557 628 καὶ
600 587 701 635 τοὺς
747 583 793 627 ἐκ
831 586 1045 640 Σερρείου
1090 585 1259 640 τείχους
1302 584 1374 626 καὶ
1405 582 1544 639 Ἱεροῦ

197 659 327 712 ὄρους
361 657 623 711 στρατιώτας
651 655 891 711 ἐξέβαλλεν,
923 655 999 706 οὓς
1027 655 1048 698 ὁ
1076 655 1280 710 ὑμέτερος
1308 656 1545 710 στρατηγὸς

196 728 469 783 κατέστησεν.
513 730 653 770 καίτοι
691 733 826 769 ταῦτα
863 727 1064 782 πράττων
1100 728 1145 768 τί
1175 725 1327 778 ἐποίεις
1367 727 1546 781 εἰρήνην

128 812 169 842 16
197 800 276 852 μὲν
301 800 384 854 γὰρ
412 799 648 852 ὠμωμόκει.
674 799 746 840 καὶ
771 798 919 852 μηδεὶς
947 798 1061 855 εἴπῃ·
1087 799 1154 852 ,,τί
1173 798 1221 839 δὲ
1240 794 1358 839 ταῦτ’
1385 795 1546 849 ἐστίν;“
1566 814 1600 840 ιο

197 887 222 924 η
249 872 318 926 ,,τί
336 872 505 912 τούτων
530 870 648 923 μέλει
674 877 725 926 τῇ
745 870 912 921 πόλει;“
944 871 980 911 εἰ
1006 869 1086 922 μὲν
1111 869 1193 923 γὰρ
1220 868 1351 922 μικρὰ
1375 865 1494 910 ταῦτ’
1519 867 1545 922 ἢ

198 942 334 996 μηδὲν
359 941 464 994 ὑμῖν
491 941 637 983 αὐτῶν
663 939 825 996 ἔμελεν,
851 941 979 990 ἄλλος
1007 939 1060 982 ἂν
1087 940 1151 993 εἴη
1179 940 1306 993 λόγος
1327 936 1472 989 οὗτος·
1497 940 1546 981 τὸ

200 1011 236 1054 δ’
264 1013 438 1066 εὐσεβὲς
464 1013 535 1054 καὶ
561 1013 609 1054 τὸ
638 1013 821 1067 δίκαιον,
847 1012 902 1053 ἄν
927 1009 961 1053 τ’
989 1010 1058 1053 ἐπὶ
1083 1016 1240 1064 μικροῦ
1263 1026 1327 1060 τις
1347 1010 1403 1052 ἄν
1421 1008 1457 1051 τ’
1478 1008 1547 1051 ἐπὶ

200 1086 394 1137 μείζονος
426 1085 688 1141 παραβαίνῃ,
719 1084 799 1138 τὴν
832 1083 969 1137 αὐτὴν
1002 1080 1088 1137 ἔχει
1121 1083 1321 1134 δύναμιν.
1360 1080 1467 1136 φέρε
1493 1081 1547 1135 δὴ

198 1161 296 1210 νῦν,
334 1153 445 1209 ἡνίκ’
479 1156 538 1204 εἰς
564 1155 867 1209 Χερρόνησον,
905 1155 960 1208 ἣν
986 1155 1191 1207 βασιλεὺς
1217 1153 1288 1194 καὶ
1314 1152 1472 1202 πάντες
1504 1153 1546 1194 οἱ
1567 1169 1600 1195 15

57 1223 398 1280 mx-253‘Emnyvsg
436 1225 651 1280 ὑμετέραν
690 1224 933 1279 ἐγνώκασιν
972 1220 1096 1279 εἶναι,
1134 1224 1284 1275 ξένους
1323 1223 1548 1276 εἰσπέμπει

200 1298 270 1339 καὶ
308 1299 495 1351 βοηθεῖν
537 1296 741 1351 ὁμολογεῖ
778 1295 849 1337 καὶ
888 1294 1126 1337 ἐπιστέλλει
1159 1301 1306 1350 ταῦτα,
1343 1296 1387 1336 τί
1416 1301 1548 1345 ποιεῖ;

131 1382 172 1412 17
202 1369 309 1423 φησὶ
335 1369 415 1421 μὲν
441 1369 522 1423 γὰρ
539 1353 602 1410 ὀὐ
630 1371 847 1422 πολεμεῖν,
873 1365 956 1421 ἐγὼ
984 1367 1031 1408 δὲ
1056 1383 1105 1408 το
1122 1367 1283 1408 σούτου
1311 1365 1393 1407 δέω
1414 1371 1549 1407 ταῦτα
1571 1369 1645 1405 115

201 1437 396 1481 ποιοῦντ’
418 1438 587 1481 ἐκεῖνον
608 1439 731 1493 ἄγειν
752 1439 982 1492 ὁμολογεῖν
1002 1439 1082 1492 τὴν
1102 1438 1208 1490 πρὸς
1229 1437 1339 1490 ὑμᾶς
1360 1438 1552 1491 εἰρήνην,

201 1511 310 1552 ὥστε
331 1511 402 1552 καὶ
423 1510 647 1565 ΣῑΙεγάρων
669 1509 914 1562 ἁπτόμενον
940 1509 1011 1550 καὶ
1038 1507 1086 1550 ἐν
1111 1508 1284 1566 Εὐβοίᾳ
1309 1508 1551 1562 τυραννίδα
1570 1524 1604 1551 20

201 1581 574 1632 κατασκευάζοντα
600 1581 671 1622 καὶ
696 1587 782 1622 νῦν
809 1579 878 1622 ἐπὶ
903 1577 1078 1637 Θράκην
1104 1580 1317 1633 παριόντα
1339 1578 1411 1620 καὶ
1430 1579 1482 1620 τὰ
1503 1577 1551 1620 ἐν

202 1654 530 1709 Πελοποννήσῳ
577 1652 938 1705 σκευωρούμενον
978 1651 1050 1692 καὶ
1088 1648 1222 1692 πάνθ’
1256 1651 1336 1692 ὅσα
1373 1649 1551 1705 πράττει

202 1724 307 1776 μετὰ
338 1730 412 1778 τῆς
446 1722 670 1775 δυνάμεως
709 1728 922 1764 ποιοῦντα
961 1722 1084 1764 λύειν
1118 1721 1227 1776 φημὶ
1259 1722 1340 1775 τὴν
1372 1722 1551 1775 εἰρήνην

202 1795 273 1836 καὶ
305 1798 510 1847 πολεμεῖν
542 1795 659 1848 ὑμῖν,
692 1795 728 1835 εἰ.
761 1794 817 1848 μὴ
844 1793 915 1834 καὶ
947 1794 1048 1842 τοὺς
1074 1793 1127 1834 τὰ
1158 1789 1425 1847 μηχανήματ’
1458 1788 1551 1845 ἐφι-

204 1866 387 1915 στάντας
414 1867 592 1920 εἰρήνην
613 1866 736 1919 ἑὲγειν
757 1866 928 1919 φήσετε,
953 1863 1031 1913 ἕως
1053 1863 1106 1905 ἂν
1127 1863 1236 1905 αὐτὰ
1255 1869 1345 1912 τοῖς
1364 1863 1552 1917 τείχεσιν
1571 1879 1604 1906 25

203 1937 284 1991 ’ἤδη
318 1936 667 1991 προσαγάγωσιν.
713 1933 804 1976 ἀλλ’
837 1935 889 1977 οὐ
923 1936 1099 1989 φήσετε·
1133 1934 1154 1976 ὁ
1188 1935 1269 1988 γὰρ
1297 1927 1360 1983 οἷς
1388 1932 1442 1975 ἂν
1468 1931 1550 1987 ἐγὼ

205 2009 439 2063 ληφθείην,
469 2014 604 2049 ταῦτα
637 2007 838 2061 πράττων
864 2006 935 2047 καὶ
961 2006 1393 2058 κατασκευαζόμενος,
1425 2000 1552 2053 οὗτος

136 2090 177 2121 18
205 2078 299 2132 ἐμοὶ
331 2082 520 2133 πολεμεῖ,
551 2078 633 2120 κᾶν
666 2080 790 2132 μήπω
823 2077 962 2134 βάλλῃ
992 2077 1100 2131 μηδὲ
1125 2075 1289 2133 τοξεύῃ.
1328 2076 1445 2117 τίσιν
1471 2071 1552 2116 οὖν

205 2150 326 2203 ὑμεῖς
358 2147 680 2192 κινδυνεύσαιτ’
713 2150 786 2203 ἄν,
818 2149 857 2190 εἴ
886 2164 927 2189 τι
959 2148 1149 2202 γένοιτο;
1187 2152 1245 2204 τῷ
1271 2146 1349 2188 τὸν
1374 2143 1551 2199 Ἑλλήσ-

205 2236 369 2263 ποντον
404 2220 770 2276 ἀλλοτριωθῆναι,
800 2225 859 2277 τῷ
885 2219 1109 2274 Μεγάρων
1146 2218 1217 2259 καὶ
1253 2223 1328 2271 τῆς
1359 2216 1552 2270 Εὐβοίας
1571 2233 1606 2259 so
