1689 2531
679 621 783 663 XIV

343 724 507 771 ΠΕΡΙ
544 724 686 772 ΤΩΝ
723 723 1130 772 ΣΤΜΜΟΡΙῼΝ

604 834 860 868 ΤΠΟΘΕΣΙΣ

124 919 267 970 Φήμης
303 919 514 971 γενομένης
548 919 614 959 τὸν
654 922 814 970 Περσῶν
848 919 1006 971 βασιλέα
1040 920 1403 970 παρασκευάζεσθαι

62 984 281 1034 στρατεύειν
315 983 378 1022 ἐπὶ
412 984 503 1030 τοὺς
524 981 734 1034 1’Έλληνας,·,
767 983 786 1024 ὅ
819 983 888 1035 μὲν
919 991 996 1023 τῶν
1019 982 1247 1035 Ἀθηναίων
1279 985 1403 1036 δῆμος

62 1049 258 1099 κεκίνηται
282 1048 348 1087 καὶ
373 1052 578 1101 συγκαλεῖν
604 1049 776 1101 ὥρμηται
801 1046 1096 1100 τοὺς”Έλληνας
1121 1049 1186 1089 καὶ
1204 1050 1273 1090 τὸν
1292 1050 1403 1090 πόλε-

63 1129 137 1164 μον
157 1113 334 1166 ἐκφέρειν
353 1112 444 1164 ἤδη,
465 1112 484 1152 ὃ
505 1112 546 1153 δὲ
566 1113 830 1165 Δημοσθένης
850 1115 1107 1166 συμβουλεύει
1135 1115 1188 1166 μὴ
1216 1118 1403 1167 προεξαν-

25 1194 42 1219 5
61 1179 258 1229 ι’στασθαι,
280 1174 361 1217 ἀλλ’
385 1178 591 1229 ἀναμένειν
611 1179 679 1218 τὸν
698 1179 857 1229 βασιλέα
877 1181 1107 1229 νεωτερίσαι.
1132 1186 1207 1218 νῦν
1227 1179 1297 1229 μὲν
1317 1180 1404 1232 γάρ,

62 1244 199 1294 φησίν,
225 1243 271 1283 οὐ
296 1244 480 1294 πείσομεν
504 1241 799 1294 τοὺςἝλληνας
819 1249 1032 1296 συμμαχεῖν
1053 1243 1161 1295 ἡμῖν,
1187 1241 1247 1284 ἐπ’
1271 1244 1404 1291 ἀδείας

60 1305 161 1347 εἶναι
187 1309 412 1359 δοκοῦντας,
449 1308 530 1348 τότε
557 1304 592 1347 δ’
616 1309 760 1355 αὐτοὺς
781 1308 800 1348 ὁ
820 1310 1006 1356 κίνδυνος
1027 1310 1142 1357 αὐτὸς
1162 1310 1404 1360 συστήσεται.

60 1377 248 1425 παραινεῖ
265 1374 400 1412 τοίνυν
425 1371 687 1425 ἡσυχάζοντας
712 1374 979 1421 συντάξασθαι
1005 1374 1069 1413 καὶ
1090 1374 1187 1425 πρὸς
1207 1374 1274 1414 τὸν
1295 1374 1402 1414 πόλε-

62 1453 136 1488 μον
161 1438 548 1488 παρασκευάσασθαι,
573 1438 638 1477 καὶ
658 1439 706 1489 δὴ
727 1438 791 1477 καὶ
812 1438 990 1486 διέξεισιν
1009 1437 1055 1478 ὃν
1075 1439 1219 1490 τρόπον
1239 1438 1288 1477 ἂν
1308 1451 1402 1478 συν-

8 1518 42 1543 10
61 1506 249 1554 ταχθεῖεν.
283 1502 379 1541 ὅθεν
398 1502 464 1541 καὶ
482 1503 569 1553 περὶ
590 1509 816 1554 συμμοριῶν
836 1502 856 1542 ὁ
877 1504 988 1555 λόγος
1008 1503 1276 1556 ἐπιγράφεται·
1304 1516 1401 1555 συμ-

62 1568 178 1619 μορία
195 1567 268 1620 γὰρ
288 1567 392 1615 παρὰ
411 1571 490 1615 τοῖς
502 1564 685 1614 Ἀττικοῖς
702 1568 742 1608 τὸ
757 1575 833 1606 τῶν
847 1569 1175 1620 λειτουργούντων
1189 1570 1401 1620 σύνταγμα.

18 1661 42 1698 8
125 1659 177 1701 Οἱ
208 1659 288 1712 μὲν
314 1658 594 1709 ἐπαινοῦντες
621 1657 653 1701 ὦ
680 1660 836 1714 ἄνδρες
858 1658 1083 1714 Ἀθηναῖοι
1108 1663 1210 1711 τοὺς
1243 1661 1544 1719 προγό-ῬῘᾉἙΨ·

62 1746 167 1779 νους
192 1728 315 1782 ὑμῶν
342 1731 475 1784 λόγον
501 1732 639 1772 εἰπεῖν
664 1747 737 1783 μοι
764 1732 972 1773 δοκοῦσιν
1003 1735 1312 1785 προαιρεῖσθαι
1338 1747 1405 1773 κε-

61 1801 336 1855 χαρισμένον,
368 1801 420 1842 οὐ
452 1802 538 1855 μὴν
571 1802 850 1856 συμφέροντά
881 1800 918 1856 γ’
953 1801 1133 1851 ἐκείνοις
1166 1802 1242 1852 οὓς
1275 1800 1405 1856 ἐγκω-

27 1888 42 1914 5
61 1871 260 1923 μιάζουσι
290 1879 450 1913 ποιεῖν·
488 1872 586 1925 περὶ
611 1873 693 1926 γὰρ
720 1873 984 1926 πραγμάτων
1010 1872 1306 1927 ἐγχειροῦντες
1339 1872 1405 1914 λέ-

62 1957 158 1995 γειν
189 1939 252 1984 ὧν
283 1940 375 1985 οὐδ’
403 1942 457 1984 ἂν
490 1936 549 1992 εἷς
575 1942 701 1993 ἀξίως
728 1942 960 1997 ἐφικέσθαι
985 1949 1043 2000 τῷ
1065 1945 1179 2000 λόγῳ
1213 1944 1407 1998 δύναιτο,

63 2012 187 2054 αὐτοὶ
206 2012 287 2065 μὲν
305 2019 383 2055 τοῦ
405 2014 551 2055 δοκεῖν
572 2014 794 2055 δύνασθαι
816 2013 958 2068 λέγειν
981 2014 1114 2064 δόξαν
1135 2013 1407 2068 ἐκφέρονται,

63 2083 143 2137 τὴν
175 2081 212 2125 δ’
245 2081 424 2125 ἐκείνων
455 2083 613 2139 ἀρετὴν
645 2083 804 2126 ἐλάττω
836 2091 910 2139 τῆς
942 2083 1259 2139 ὑπειλημμένης
1290 2085 1406 2138 παρὰ

64 2159 154 2202 τοῖς
180 2153 419 2196 ἀκούουσιν
451 2155 691 2208 φαίνεσθαι
711 2162 927 2198 ποιοῦσιν.
960 2154 1043 2209 ἐγὼ
1065 2154 1102 2197 δ’
1128 2154 1307 2213 ἐκείνων
1327 2156 1406 2208 μὲν

31 2242 47 2266 ο
66 2222 247 2266 ἔπαινον
266 2225 344 2266 τὸν
363 2226 526 2279 χρόνον
544 2226 732 2279 ἡγοῦμαι
746 2226 964 2281 μέγιστον,
983 2224 1035 2268 οὗ
1049 2230 1214 2268 πολλοῦ
1229 2242 1406 2281 γεγενη-

135 2300 307 2333 ΒεΜοετιῑ.,
318 2300 409 2326 Vol.1
1198 2300 1214 2329 1
1223 2300 1238 2329 1
