1689 2531
135 338 174 367 11

141 1617 182 1646 13

144 2186 186 2214 14

207 88 226 127 1
235 87 290 129 86
693 86 1066 120 ΔΗΜΟΣΘΕΝΟΤΣ
1466 86 1552 129 [XV1

204 183 270 225 ἀεὶ
296 184 349 224 τὰ
375 183 533 237 δίκαια,
565 189 920 237 συμπαρατηρεῖν
954 179 990 222 δ’
1024 181 1139 230 ὅπως
1172 181 1257 233 ἅμα
1290 181 1360 222 καὶ
1387 180 1552 235 συμφέ-

205 252 322 309 ροντ’
349 252 469 295 ἔσται
495 259 642 295 ταῦτα.

255 323 377 367 ’Ἐστι
402 326 557 367 τοίνυν
581 325 778 374 τοιοῦτός
804 339 868 373 τις
895 325 1022 377 λόγος
1048 324 1164 377 παρὰ
1189 330 1277 365 τῶν
1303 322 1551 376 ἀντιλεγόν-

203 412 305 451 των,
332 396 388 445 ὡς
414 397 683 448 κομίσασθαι
708 395 787 436 τὸν
806 392 1013 448 ’.Ωρωπὸν
1037 394 1146 448 ἡμᾶς
1173 392 1386 448 ἐγχειρεῖν
1412 394 1490 455 δεῖ,
1516 394 1552 434 εἰ

205 467 253 509 δὲ
284 468 387 516 τοὺς
419 468 728 520 βοηθήσαντας
761 464 816 507 ἂν
840 466 945 519 ἡμῖν
972 462 1035 506 ἐπ’
1067 464 1203 506 αὐτὸν
1235 463 1423 520 ἐχθροὺς
1451 455 1552 517 ’κτη-

206 539 387 592 σόμεθα,
425 537 505 592 οὐχ
544 536 697 589 ἕξομεν
735 536 997 591 συμμάχους.
1049 534 1131 590 ἐγὼ
1168 536 1216 577 δὲ
1246 536 1294 577 τὸ
1327 535 1407 587 μὲν
1437 535 1554 586 κομί-

207 613 371 650 σασθαι
397 606 599 662 Ὠρωπὸν
630 611 869 661 πειρᾶσθαι
896 607 990 648 δεῖν
1017 622 1128 661 φημι
1153 606 1225 647 καὶ
1251 605 1398 654 αὐτός·
1436 606 1484 646 τὸ
1512 602 1548 646 δ’

207 679 395 734 ἐχθροὺς
415 680 519 733 ἡμῖν
538 679 909 730 Λακεδαιμονίους
924 675 1104 719 ἔσεσθαι
1119 683 1217 730 νῦν,
1238 675 1315 718 ἐὰν
1328 676 1555 728 ποιώμεθα

208 751 459 806 συμμάχους
472 748 693 804 Ἀρκάδων
712 751 814 798 τοὺς
829 748 1127 802 βουλομένους
1141 748 1245 802 ἡμῖν
1260 744 1372 789 εἶναι
1387 748 1555 802 φίλους,

207 823 357 874 μόνοις
391 819 485 863 οὐδ’
525 822 664 862 εἰπεῖν
697 819 855 870 ἐξεῖναι
887 820 1045 872 νομίζω
1078 826 1168 869 τοῖς
1199 820 1402 860 πείσασιν
1432 817 1557 872 ὑμᾶς,

207 891 266 935 ὅτ’
300 892 587 934 ἐκινδύνευον
607 890 972 946 Λακεδαιμόῖνιοι,
996 893 1195 945 βοηθεῖν.
1234 889 1286 931 οὐ
1312 890 1394 944 γὰρ
1421 894 1556 930 ταῦτα

208 964 407 1019 λέγοντες
439 962 618 1005 ἔπεισαν
643 963 766 1017 ὑμᾶς,
797 962 974 1003 πάντων
1000 962 1375 1015 Πελοποννησίων
1401 958 1557 1002 ἐλθόν-

207 1052 296 1077 των
328 1036 384 1084 ὡς
410 1035 522 1087 ὑμᾶς
547 1035 619 1075 καὶ
645 1031 743 1086 μεθ’
775 1033 900 1086 ὑμῶν
926 1032 1170 1083 ἀξιούντων
1197 1030 1266 1073 ἐπὶ
1291 1033 1393 1081 τοὺς
1419 1033 1556 1073 Λακε-

209 1108 464 1159 δαιμονίους
504 1105 628 1160 ἰέναι,
665 1106 766 1154 τοὺς
799 1105 879 1157 μὲν
913 1105 970 1157 μὴ
1003 1102 1330 1157 προσδέξασθαι
1362 1102 1453 1158 (καὶ
1485 1102 1557 1143 διὰ

207 1175 351 1231 τοῦθ’,
379 1178 483 1229 ὅπερ
511 1174 566 1230 ἧν
591 1176 836 1217 ὑπόλοιπον
863 1174 1023 1229 αὐτοῖς,
1049 1173 1118 1215 ἐπὶ
1144 1175 1362 1228 Θηβαίους
1381 1171 1557 1229 ἦλθον),

207 1249 316 1303 ὑπὲρ
352 1248 399 1290 δὲ
430 1254 504 1302 τῆς
532 1248 893 1299 Λακεδαιμονίων
927 1247 1139 1300 σωτηρίας
1165 1245 1236 1286 καὶ
1262 1242 1439 1299 χρήματ’
1472 1245 1558 1286 εἰσ-

209 1320 362 1375 φέρειν
402 1320 473 1361 aaz
514 1325 604 1368 τοῖς
647 1319 843 1371 σώμασιν
877 1317 1175 1358 κινδυνεύειν·
1213 1313 1306 1358 οὐδ’
1349 1315 1403 1356 ἂν
1436 1314 1558 1368 ὑμεῖς

207 1392 453 1445 ἠθελήσατε
488 1391 629 1444 δήπου
667 1388 821 1447 σῴζειν
856 1388 1034 1441 αὐτούς,
1075 1389 1111 1429 εἰ
1147 1393 1276 1429 τοῦτο
1311 1386 1558 1441 προῦλεγον

208 1462 326 1516 ὑμῖν,
353 1463 418 1503 ὅτι
447 1460 678 1518 σωθέντες,
704 1459 780 1501 ἐὰν
806 1460 862 1513 μὴ
889 1466 1032 1500 ποιεῖν
1059 1459 1081 1500 ὅ
1108 1474 1149 1499 τι
1169 1458 1407 1511 βούλονται
1426 1456 1558 1498 πάλιν

210 1533 369 1582 αὐτοὺς
409 1531 503 1574 ἐᾶτε
541 1532 612 1573 καὶ
647 1531 829 1585 ἀδικεῖν,
864 1530 1074 1582 οὐδεμίαν
1108 1529 1214 1581 ὑμῖν
1249 1528 1377 1583 χάριν
1412 1526 1558 1577 ἕξουσι

209 1610 283 1658 τῆς
317 1605 542 1658 σωτηρίας.
592 1602 663 1644 καὶ
695 1603 781 1656 μὴν
818 1603 854 1643 εἰ
888 1598 1044 1655 σφόδρ’
1083 1598 1287 1641 ἐναντίον
1320 1597 1439 1640 ἐστὶν
1470 1604 1558 1647 τοῖς

211 1676 571 1727 Λακεδαιμονίων
592 1671 890 1728 ἐπιχειρήμασι
910 1673 958 1712 τὸ
979 1673 1081 1720 τοὺς
1098 1669 1303 1725 Ἀρκάδας
1324 1670 1432 1724 ἡμᾶς
1454 1680 1560 1721 συμ-

210 1746 372 1801 μάχους
398 1748 682 1799 ποιήσασθαι,
707 1746 915 1798 προσήκει
937 1744 1077 1797 δήπου
1098 1743 1231 1783 πλείω
1252 1741 1380 1797 χάριν
1400 1740 1559 1789 αὐτοὺς

210 1816 326 1873 ἔχειν
352 1814 414 1858 ὧν
441 1814 673 1873 ἑσςόθησαν
698 1813 773 1870 ὑφ’
806 1816 929 1869 ἡμῶν
955 1815 1015 1863 εἰς
1040 1815 1143 1863 τοὺς
1171 1811 1378 1868 ἐσχάτους
1405 1810 1560 1853 ἐλθόν-

211 1905 279 1938 τες
310 1888 548 1936 κινδύνους
580 1886 604 1940 5]
633 1883 695 1928 ὧν
721 1886 889 1928 ἀδικεῖν
915 1885 1159 1927 κωλύονται
1184 1890 1271 1925 νῦν
1297 1883 1559 1937 ὀργίζεσθαι.

211 1960 320 2001 ὥστε
347 1966 436 2008 πῶς
463 1958 514 2000 οὐ
541 1959 848 2012 βοηθήσουσιν
874 1957 977 2011 ἡμῖν
999 1953 1060 1996 ἐπ’
1081 1953 1300 2010 Ὠρωπόν,
1318 1954 1343 2008 ἢ
1364 1954 1560 1995 κάκιστοι

211 2031 389 2072 πάντων
415 2029 666 2084 ἀνθρώπων
688 2028 894 2079 δόξουσιν
915 2023 1045 2078 εἷναι;
1071 2027 1130 2079 μὰ
1155 2027 1255 2075 τοὺς
1276 2026 1410 2074 θεοὺς
1431 2021 1553 2078 ἔγωγ’

213 2102 292 2158 οὐχ
319 2102 418 2157 ὁρῶ.

277 2173 487 2225 Θαυμάζω
514 2173 669 2214 τοίνυν
694 2171 765 2212 καὶ
791 2177 878 2212 τῶν
900 2170 1119 2224 λεγόντων
1138 2174 1298 2211 τοῦτον
1316 2168 1395 2210 τὸν
1416 2168 1561 2221 λόγον,

214 2245 269 2294 ὡς
297 2245 333 2286 εἰ
361 2243 613 2298 συμμάχους
638 2240 896 2295 ποιησόμεθ’
920 2238 1126 2294 Ἀρκάδας
1151 2240 1223 2281 καὶ
1248 2245 1383 2281 ταῦτα
1403 2237 1560 2293 πράξο-

1576 835 1609 860 10

1576 891 1652 927 205

1577 1190 1610 1216 15

1579 1545 1612 1569 20

1580 1899 1613 1924 25

1580 2255 1613 2280 30
