1689 2531
112 1061 155 1091 10

114 1488 153 1518 11

184 101 238 142 28
668 105 1043 138 ΔΗΜΟΣΘΕΝΟΤΣ
1467 105 1532 151 [111

182 198 440 252 προθύμως;
467 197 550 253 ἐγὼ
576 199 657 252 μὲν
683 199 763 255 οὐχ
789 199 895 253 ὁρῶ·
920 201 1050 255 χωρὶς
1075 201 1158 255 γὰρ
1178 207 1253 255 τῆς
1272 200 1533 256 περιστάσης

183 268 238 311 ἂν
269 269 378 322 ἡμᾶς
411 270 639 325 αἰσχύνης,
672 272 709 312 εἰ
735 271 1049 326 καθυφείμεθά
1074 287 1115 313 τι
1141 279 1230 314 τῶν
1255 271 1534 327 πραγμάτων,

182 339 286 381 οὐδὲ
311 341 389 382 τὸν
415 341 559 396 φόβον
586 338 618 382 ὦ
645 342 802 395 ἄνδρες
819 339 1044 395 Ἀθηναῖοι
1064 343 1221 397 μικρὸν
1241 342 1328 397 ὁρῶ
1347 344 1426 385 τὸν
1446 349 1533 385 τῶν

180 411 287 463 μετὰ
330 417 485 466 ταῦτα,
529 410 720 467 ε’χόντων
764 412 844 464 μὲν
889 413 944 462 ὡς
983 410 1132 468 ἔχουσι
1175 415 1380 468 Θηβαίων
1418 414 1535 469 ἡμῖν,

181 481 480 536 ἀπειρηκότων
513 483 561 524 δὲ
586 485 775 537 χρήμασι
807 482 1015 537 Φωκέων,
1046 484 1233 538 μηδενὸς
1260 482 1297 526 δ’
1331 483 1533 537 ἐμποδὼν
1553 501 1569 527 5

181 553 308 601 ὄντος
339 555 540 609 Φιλίππῳ
568 554 620 595 τὰ
646 554 842 607 παρόντα
868 554 1260 612 καταστρεψαμένῳ
1286 556 1394 611 πρὸς
1415 554 1528 597 ταῦτ’

182 621 398 665 ἐπικλῖναι
425 625 476 665 τὰ
502 624 755 680 πράγζματα.
794 623 903 666 ἀλλὰ
927 626 1014 680 μὴν
1042 625 1081 666 εἴ
1103 641 1167 675 τις
1193 625 1317 678 ὑμῶν
1338 628 1397 676 εἰς
1418 623 1528 668 τοῦτ’
1555 628 1603 664 31

182 693 471 748 ἀναβάλλεται
497 697 698 749 ποιήσειν
717 695 770 736 τὰ
790 695 960 749 δέοντα,
986 697 1097 738 ἰδεῖν
1118 695 1310 751 ἐγγύθεν
1329 697 1535 751 βούλεται

181 765 233 806 τὰ
265 765 406 820 δεινά,
439 764 538 816 ἐξὸν
570 765 750 807 ἀκούειν
776 766 936 808 ἄλλοθι
963 768 1214 821 γιγνόμενα,
1239 767 1311 809 καὶ
1336 769 1533 822 βοηθοὺς

182 835 320 893 ἑαυτῷ
342 839 501 890 ζητεῖν,
533 835 632 887 ἐξὸν
656 843 742 878 νῦν
769 836 931 891 ἑτέροις
958 838 1094 880 αὐτὸν
1119 841 1324 892 βοηθεῖν·
1359 839 1425 880 ὅτι
1451 839 1533 893 γὰρ
1555 855 1588 881 ιο

182 909 241 957 εἰς
276 913 406 949 τοῦτο
438 909 742 962 περιστήσεται
775 909 827 949 τὰ
862 909 1111 963 πράγματα,
1145 907 1222 951 ἐὰν
1254 910 1306 951 τὰ
1337 910 1534 964 παρόντα

181 979 434 1033 προώμεθα,
459 978 618 1032 σχεδὸν
645 978 771 1031 ἴσμεν
798 979 984 1029 ἅπαντες
1012 980 1166 1033 δήπου.

234 1047 348 1090 Ἀλλ’
375 1050 440 1091 ὅτι
461 1049 542 1101 μὲν
562 1049 614 1104 δὴ
631 1049 698 1091 δεῖ
717 1052 917 1105 βοηθεῖν,
937 1050 1051 1092 εἴποι
1065 1066 1128 1100 τις
1143 1051 1211 1105 ἄν,
1229 1049 1387 1100 πάντες
1402 1049 1534 1105 ε’γνώ-

182 1136 335 1175 καμεν,
373 1120 443 1161 καὶ.
479 1122 781 1174 βοηθήσομεν·
826 1121 873 1162 τὸ
912 1119 949 1162 δ’
990 1121 1123 1176 ὅπως,
1157 1127 1287 1163 τοῦτο
1324 1121 1432 1176 λέγε.
1476 1122 1533 1176 μὴ

182 1193 335 1233 τοίνυν
372 1188 403 1232 ὦ
440 1191 597 1246 ἄνδρες
626 1195 849 1245 Αθηναῖοι
886 1191 1161 1247 θαυμάσητε,
1196 1191 1251 1234 ἂν
1284 1191 1535 1246 παράδοξον
1555 1209 1587 1236 15

183 1262 287 1303 εἴπω
321 1278 361 1303 τι
395 1269 484 1311 τοῖς
517 1265 705 1312 πολλοῖς.
745 1262 990 1315 νομοθέτας
1017 1264 1240 1306 καθίσατε.
1286 1262 1334 1305 ἐν
1361 1263 1409 1305 δὲ
1433 1263 1534 1305 τού-

182 1349 271 1383 τοις
298 1340 388 1383 τοῖς
413 1332 678 1385 νομοθέταις
705 1334 761 1388 μὴ
789 1337 937 1388 θῆσθε
963 1335 1103 1387 νόμον
1128 1334 1294 1388 μηδένα
1321 1333 1423 1390 (εἰσί
1449 1335 1531 1389 γὰρ

182 1404 287 1457 ὑμῖν
321 1403 498 1460 ἱκανοί),
529 1404 638 1446 ἀλλὰ
664 1406 766 1454 τοὺς
794 1406 853 1454 εἰς
879 1406 928 1447 τὸ
955 1406 1098 1457 παρὸν
1123 1405 1394 1459 βλάπτοντας
1421 1405 1532 1458 ὑμᾶς

184 1475 351 1517 λύσατε.
398 1475 506 1529 λέγω
535 1477 636 1525 τοὺς
663 1476 761 1530 περὶ
789 1483 876 1517 τῶν
904 1481 1151 1531 θεωρικῶν,
1184 1483 1332 1530 σαφῶς
1359 1476 1533 1531 οὑτωσί,

182 1547 252 1588 καὶ
278 1548 379 1596 τοὺς
406 1547 505 1601 περὶ
531 1553 619 1588 τῶν
648 1546 1006 1601 στρατευομένων
1033 1546 1190 1602 ἐνίους,
1222 1544 1284 1589 ὧν
1311 1548 1350 1589 οἱ
1376 1547 1457 1600 μὲν
1482 1547 1534 1588 τὰ
1554 1565 1588 1591 20

183 1618 468 1671 στρατιωτικὰ
493 1625 584 1667 τοῖς
611 1618 723 1660 οἴκοι
750 1617 933 1670 μένουσι
961 1618 1217 1671 διανέμουσι
1244 1617 1457 1673 θεωρικά,
1493 1619 1533 1660 οἱ

183 1689 230 1730 δὲ
256 1690 358 1738 τοὺς
386 1687 680 1738 ἀτακτοῦντας
708 1688 883 1746 ἀθῴους
910 1693 1194 1744 καθιστᾶσιν,
1219 1685 1310 1731 εἶτα
1336 1689 1408 1730 καὶ
1432 1690 1535 1738 τοὺς

183 1761 234 1802 τὰ
276 1759 431 1801 δέοντα
466 1767 610 1801 ποιεῖν
644 1759 942 1814 βουλομένους
978 1760 1281 1814 ἀθυμοτέρους
1317 1765 1534 1803 ποιοῦσιν.

184 1829 361 1872 ἐπειδὰν
388 1830 435 1872 δὲ
460 1837 596 1872 ταῦτα
623 1832 781 1885 λύσητε
808 1831 879 1872 καὶ
899 1832 980 1886 τὴν
999 1837 1077 1873 τοῦ
1098 1832 1150 1873 τὰ
1170 1831 1371 1886 βέλτιστα
1393 1830 1536 1885 λέγειν

185 1902 292 1944 ὁδὸν
311 1899 547 1957 παράσχητ’
574 1901 760 1957 ἀσφαλῆ,
780 1908 1017 1956 τηνικαῦτα
1036 1903 1114 1944 τὸν
1134 1899 1353 1957 γράψονθ’
1380 1901 1405 1943 ἃ
1425 1900 1533 1943 πάν·
1554 1919 1586 1945 25

183 1989 250 2022 τες
286 1972 375 2014 ἴσθ’
419 1973 484 2014 ὅτι
521 1972 734 2027 συμφέρει
770 1978 940 2027 ζητεῖτε.
986 1973 1091 2028 πρὶν
1124 1974 1172 2015 δὲ
1203 1979 1338 2015 ταῦτα
1364 1971 1535 2026 πρᾶξαι,

182 2045 239 2098 μὴ
267 2050 465 2085 σκοπεῖτε
490 2044 553 2093 τίς
581 2044 715 2085 εἰπὼν
741 2044 793 2084 τὰ
813 2042 1007 2098 βέλτισθ’
1034 2044 1143 2099 ὑπὲρ
1164 2044 1288 2097 ὑμῶν
1307 2040 1384 2098 ὑφ’
1409 2042 1534 2095 ὑμῶν

184 2113 427 2156 ἀπολέσθαι
459 2116 739 2168 βουλήσεται·
774 2115 825 2156 οὐ
859 2115 941 2169 γὰρ
970 2115 1194 2170 εὑρήσετε,
1226 2116 1364 2163 ἄλλως
1390 2129 1436 2156 τε
1461 2114 1533 2155 καὶ

183 2186 342 2227 τούτου
377 2186 516 2238 μόνου
549 2187 884 2240 περιγίγνεσθαι
909 2185 1156 2240 μέλλοντος,
1187 2189 1349 2227 παθεῖν
1374 2183 1533 2234 ἀδίκως

185 2273 224 2299 τι
270 2257 404 2298 κακὸν
441 2257 519 2298 τὸν
556 2254 675 2298 ταῦτ’
717 2258 896 2299 εἰπόντα
931 2261 1002 2299 καὶ
1036 2257 1282 2311 γράψαντα,
1316 2256 1453 2310 μηδὲν
1489 2256 1515 2297 δ
1554 2273 1588 2299 30
