1689 2531
139 586 182 615 14

138 1083 182 1114 15

141 1721 183 1752 16

143 2146 184 2177 17

209 121 266 163 20
693 122 1069 155 ΔΗΜΟΣΘΕΝΟΤΣ
1505 123 1554 169 [11

207 234 273 268 τις
306 218 413 272 ὑμῖν
443 216 643 271 προσέξει
674 218 753 259 τὸν
784 223 907 258 νοῦν.
957 217 1039 259 κᾶν
1076 217 1196 259 ταῦτ’
1229 217 1466 273 ἐθελήσηθ’
1497 219 1554 268 ὡς

207 291 417 343 προσήκει
436 288 507 329 καὶ
529 288 582 342 δὴ
603 288 842 341 περαίνειν,
868 287 921 329 οὐ
941 290 1081 342 μόνον
1100 286 1133 330 ὦ
1154 289 1312 343 ἄνδρες
1331 289 1554 344 Ἀθηναῖοι

207 361 259 401 τὰ
292 359 540 413 συμμαχικὰ
566 358 769 407 ἀσθενῶς
793 356 865 399 καὶ
892 357 1082 408 ἀπίστως
1107 357 1263 413 ἔχοντα
1290 360 1550 416 φανήσεταιΙ

214 431 431 485 Φιλίππῳ,
464 429 574 471 ἀλλὰ
605 427 676 470 καὶ
706 429 758 470 τὰ
784 435 858 483 τῆς
885 430 1046 478 οἰκείας
1072 429 1205 484 ἀρχῆς
1229 429 1302 472 καὶ
1328 431 1554 486 δυνάμεως
1575 436 1624 471 22

207 508 347 550 κακῶς
372 498 511 554 ἔχοντ’
538 498 907 554 ἐξελεγχθήσεται.
1576 521 1591 547 5

257 571 393 620 Ὅλως
419 570 499 625 μὲν
522 571 605 625 γὰρ
627 570 651 624 ἡ
673 571 958 624 Μακεδονικὴ
981 571 1168 625 δύναμις
1186 570 1257 613 καὶ
1279 571 1387 627 ἀρχὴ
1409 571 1457 614 ἐν
1475 570 1556 626 μὲν

208 645 442 697 προσθήκῃ
469 643 591 696 μερίς
617 641 736 682 ἐστίν
761 658 827 691 τις
853 642 906 682 οὐ
931 641 1080 696 μικρά·
1107 636 1204 684 οἷον
1229 642 1421 696 ὑπῆρξέν
1445 642 1549 685 ποθ’

207 714 313 767 ὑμῖν
351 713 422 755 ἐπὶ
466 712 688 767 Τιμοθέου
727 713 836 766 πρὸς
868 711 1147 762 Ὀλυνθίους·
1186 714 1320 755 πάλιν
1357 711 1413 756 αὖ
1446 714 1557 768 πρὸς

209 786 479 827 Ποτείδαιαν
503 783 769 833 Ὀλυνθίοις·
802 783 943 838 ἐφάνη
976 800 1016 825 τι
1043 790 1173 826 τοῦτο
1200 786 1554 840 συναμφότερον·

207 857 308 898 νυνὶ
339 859 571 904 Θετταλοῖς
598 854 877 905 στασιάζουσι
903 853 974 896 καὶ
1002 854 1352 909 τεταραγμένοις·
1380 855 1450 898 ἐπὶ
1475 856 1555 910 τὴν
1575 875 1609 912 ῳ

207 928 478 981 τυραννικὴν
499 927 644 968 οἰκίαν
665 924 927 980 ἐβοήθησεν·
956 926 1054 967 ὅποι
1075 942 1140 975 τις
1161 925 1214 967 ἂν
1235 922 1355 980 οἶμαι
1377 931 1555 982 προσθῇ

207 999 290 1040 κᾶν
316 998 476 1052 μικρὰν
501 998 705 1051 δύναμιν,
732 995 858 1038 πάντ’
879 996 1053 1050 ὠφελεῖ·
1081 997 1189 1051 αὐτὴ
1218 997 1266 1039 δὲ
1291 997 1398 1039 καθ’
1418 997 1557 1052 αὑτὴν

209 1069 402 1123 ἀσθενὴς
433 1067 504 1110 καὶ
535 1071 714 1109 πολλῶν
745 1074 893 1109 κακῶν
917 1066 1008 1109 ἐστι
1035 1069 1178 1122 μεστή.
1223 1067 1295 1110 καὶ
1322 1069 1403 1122 γὰρ
1430 1066 1558 1119 οὗτος

208 1142 341 1182 ἅπασι
374 1140 561 1192 τούτοις,
594 1133 658 1188 οἷς
691 1140 746 1180 ἄν
777 1155 842 1187 τις
874 1137 1012 1192 μέγαν
1043 1139 1180 1180 αὐτὸν
1211 1139 1434 1193 ἡγήσαιτο,
1465 1147 1557 1189 τοῖς

207 1211 414 1266 πολέμοις
457 1210 527 1252 καὶ
580 1218 673 1258 ταῖς
717 1211 979 1264 στρατείαις,
1023 1207 1080 1250 ἔτ’
1120 1209 1494 1266 ἐπισφαλεστέραν
1531 1211 1556 1266 ἢ
1578 1229 1609 1255 15

208 1284 373 1337 ὑπῆρχε
418 1282 551 1335 φύσει
594 1281 911 1322 κατεσκεύακεν
955 1281 1083 1337 αὑτῷ.
1133 1282 1189 1335 μὴ
1231 1281 1313 1335 γὰρ
1352 1280 1492 1323 οἴεσθ’
1524 1279 1557 1323 ὦ

210 1355 368 1408 ἄνδρες
397 1352 621 1406 Ἀθηναῖοι
653 1358 745 1401 τοῖς
777 1351 926 1400 αὐτοῖς
957 1354 1180 1394 Φίλιππόν
1210 1367 1256 1394 τε
1288 1353 1455 1407 χαίρειν
1486 1351 1558 1394 καὶ

209 1426 313 1474 τοὺς
345 1423 629 1479 ἀρχομένους,
662 1421 755 1465 ἀλλ’
782 1422 804 1464 ὁ
836 1422 916 1475 μὲν
949 1421 1075 1476 δόξης
1104 1421 1312 1477 ἐπιθυμεῖ
1336 1422 1407 1465 καὶ
1434 1423 1560 1465 τοῦτ’

210 1496 421 1550 ἐζήλωκεν
458 1495 529 1536 καὶ
566 1492 809 1549 προῄρηται
840 1493 1042 1548 πράττων
1073 1492 1142 1535 καὶ
1177 1495 1466 1548 κινδυνεύων,
1503 1494 1559 1536 ἂν

211 1569 355 1622 συμβῇ
383 1583 438 1619 τι,
464 1570 640 1619 παθεῖν,
666 1566 746 1619 τὴν
768 1571 848 1607 τοῦ
869 1564 1191 1619 διαπράξασθαι
1212 1564 1341 1607 ταῦθ’
1362 1565 1388 1608 ἃ
1407 1566 1558 1621 μηδεὶς
1578 1583 1612 1609 20

209 1636 375 1679 πώποτ’
407 1638 535 1686 ἄλλος
563 1637 840 1678 ιΜακεδόνων
866 1638 1070 1688 βασιλεὺς
1097 1635 1228 1686 δόξαν
1255 1636 1352 1678 ἀντὶ
1377 1643 1457 1679 τοῦ
1483 1640 1558 1691 ζῆν

212 1709 419 1763 ἀσφαλῶς
448 1707 678 1764 ᾑρημένος·
704 1714 796 1756 τοῖς
822 1704 869 1748 δὲ
896 1704 1076 1760 τηςιμὲν
1102 1708 1352 1761 φιλοτιμίας
1376 1714 1450 1761 τῆς
1473 1707 1556 1751 ἀπὸ

211 1782 380 1822 τούτων
407 1780 459 1821 οὐ
485 1778 698 1832 μέτεστιν,
724 1779 985 1832 κοπτόμενοι
1013 1776 1060 1818 δ’
1086 1778 1171 1819 αἰεὶ
1196 1785 1289 1827 ταῖς
1315 1782 1558 1834 στρατείαις

212 1852 389 1900 ταύταις
420 1858 514 1899 ταῖς
546 1850 634 1891 ἄνω
668 1850 782 1890 κάτω
818 1853 1060 1891 λυποῦνται
1092 1848 1163 1890 καὶ
1197 1856 1388 1904 συνεχῶς
1412 1853 1558 1891 ταλαι-

211 1928 459 1976 πωροῦσιν,
504 1919 594 1962 οὔτ’
634 1920 702 1961 ἐπὶ
743 1927 835 1969 τοῖς
872 1922 1016 1973 ἔργοις
1054 1917 1143 1961 οὔτ’
1176 1918 1245 1961 ἐπὶ
1283 1928 1374 1969 τοῖς
1411 1920 1558 1962 αὑτῶν
1577 1938 1610 1964 25

215 1994 346 2042 ἰδίοις
373 1992 555 2047 ἐώμενοι
582 1992 837 2045 διατρίβειν,
863 1989 965 2032 οὔθ’
985 1989 1048 2031 ὅσ’
1072 1990 1127 2031 ἂν
1151 1992 1393 2045 ποιήσωσιν
1420 1991 1558 2040 οὕτως

214 2065 328 2113 ὅπως
342 2063 397 2105 ἂν
417 2064 649 2115 δύνωνται,
668 2059 787 2103 ταῦτ’
807 2059 979 2116 ἔχοντες
998 2060 1252 2116 διαθέσθαι,
1270 2060 1558 2116 κεκλειμένων

213 2142 301 2177 τῶν
328 2134 546 2188 ἐμπορίων
571 2141 659 2175 τῶν
686 2132 733 2174 ἐν
758 2139 809 2188 τῇ
837 2133 955 2188 χώρᾳ
981 2133 1054 2174 διὰ
1079 2133 1157 2174 τὸν
1176 2134 1379 2185 πόλεμον.
1417 2133 1558 2186 οἱμὲν

215 2203 296 2248 οὖν
321 2204 477 2248 πολλοὶ
497 2205 774 2246 Μακεδόνων
793 2211 883 2252 πῶς
903 2205 1051 2258 ἔχουσι
1077 2204 1292 2261 Φιλίππω,
1319 2202 1558 2260 ἐκΙτούτων
1579 2207 1628 2242 23

217 2277 272 2319 ἄν
296 2293 361 2327 τις
387 2273 579 2326 σκέψαιτ’
611 2274 664 2316 οὐ
689 2278 900 2329 χαλεπῶς·
931 2276 976 2316 οἱ
999 2272 1046 2316 δὲ
1073 2275 1126 2329 δὴ
1151 2273 1251 2329 περὶ
1277 2274 1412 2316 αὐτὸν
1437 2276 1559 2324 ὄντες
1577 2291 1612 2318 so
