1689 2531
38 504 88 540 45

58 802 90 826 10

59 1156 89 1180 15

59 1509 92 1534 20

63 2214 96 2239 30

108 54 166 99 IV]
546 54 673 85 ΚΑΤΑ
699 54 805 85 ΦΙΛΙ
813 53 957 86 ΠΠΟΤ
983 55 1014 85 Α
1392 53 1446 92 41

108 149 391 202 Χερρόνησον
423 149 493 189 καὶ
517 145 746 190 ’Όλυνθον
777 148 848 189 καὶ
882 148 980 190 ὅποι
1011 148 1216 201 βούλεται
1248 147 1336 205 (δεῖ
1365 149 1448 203 γὰρ

109 217 258 275 ἐκείνῳ
284 216 400 260 τοῦτ’
433 217 480 260 ἐν
505 225 557 274 τῇ
582 221 733 276 γνώμῃ
759 225 1045 273 παραστῆσαι,
1070 219 1126 268 ὡς
1157 218 1278 271 ὑμεῖς
1305 217 1350 260 ἐκ
1375 225 1449 272 τῆς

108 289 306 342 ἀμελείας
331 289 488 344 ταύτης
514 296 589 343 τῆς
615 290 740 344 ἄγαν,
764 290 908 343 ὥσπερ
939 291 998 338 εἷς
1024 289 1224 343 Εὔβοιαν
1248 289 1320 330 καὶ
1345 290 1449 343 πρό-

108 361 236 415 τερόν
261 359 368 402 ποτέ
391 370 528 414 φασιν
555 361 614 410 εἰς
630 358 855 415 Ἁλίαρτον
880 361 951 402 καὶ
976 360 1028 402 τὰ
1054 363 1278 402 τελευταῖα
1302 359 1451 417 πρῴην

110 432 169 480 εἰς
196 431 361 485 Πύλας,
387 431 490 480 ἴσως
518 430 572 472 ἂν
598 430 849 484 ὁρμήσαιτε·
876 431 998 472 οὔτοι
1024 434 1256 485 παντελῶς,
1288 430 1381 472 οὐδ’
1414 432 1450 472 εἰ

108 503 165 556 μὴ
191 499 418 556 ποιήΙσαιτ’
446 500 500 543 ἂν
525 507 668 556 τοῦτο,
693 502 749 551 ὡς
769 499 907 556 ἔγωγέ
926 516 1036 556 φημι
1057 502 1163 555 δεῖν,
1183 501 1450 557 εὐκαταφρό-

108 573 242 626 νητόν
269 570 420 628 ἐστιν),
445 570 501 613 ἵν’
527 571 551 626 ἢ
581 573 653 613 διὰ
679 573 756 613 τὸν
783 574 927 627 φόβον
956 573 1080 622 εἰδὼς
1102 572 1320 626 εὐτρεπεῖς
1340 573 1450 625 ὑμᾶς

109 642 288 698 (εἴσεται
314 643 396 697 γὰρ
424 642 628 696 ἀκριβῶς·
657 643 768 684 εἰσὶν
788 643 884 697 γάρ,
911 644 1022 685 εἰσὶν
1049 644 1089 685 οἱ
1108 643 1233 685 πάντ’
1254 642 1451 698 ἐξαγγέλ-

110 716 257 762 λοντες
290 711 439 770 ἐκείνῳ
472 711 571 767 παρ’
603 714 725 766 ἡμῶν
758 713 903 755 αὐτῶν
934 715 1110 763 πλείους
1141 720 1219 755 τοῦ
1256 714 1451 770 δέοντος)

111 785 296 838 ἡσυχίαν
314 782 402 841 ἔχῃ,
422 783 446 838 ἢ
468 784 667 838 παριδὼν
687 783 809 825 ταῦτ’
828 784 1075 838 ἀφύλακτος
1088 788 1252 840 ληφθῇ,
1266 786 1451 839 μηδενὸς

110 857 235 904 ὄντος
268 854 469 907 ἐμποδὼν
499 859 625 896 πλεῖν
658 853 726 896 ἐπὶ
758 856 838 909 τὴν
865 854 1034 897 ἐκείνου
1061 856 1207 910 χώραν
1232 856 1348 910 ὑμῖν,
1376 855 1451 897 ἐὰν

111 924 222 983 ἐνδῷ
238 927 404 980 καιρόν.
430 932 565 967 ταῦτα
584 925 664 978 μέν
685 924 804 967 ἐστιν
825 926 850 967 ἃ
870 932 974 967 πᾶσι
996 927 1206 981 δεδόχθαι
1228 927 1337 981 φημὶ
1359 928 1452 968 δεῖν

110 996 180 1037 καὶ
200 996 555 1050 παρεσκευάσθαι
575 998 812 1051 προσήκειν
833 997 995 1049 οἴομαι·
1014 997 1098 1050 πρὸ
1120 997 1168 1039 δὲ
1187 999 1357 1039 τούτων
1377 999 1451 1039 δύ-

110 1068 243 1119 ναμίν
265 1065 345 1108 τιν’
372 1064 404 1108 ὦ
426 1068 582 1121 ἄνδρες
598 1066 823 1121 Ἀθηναῖοι
844 1068 953 1122 φημὶ
973 1070 1338 1123 προχειρίσασθαι
1359 1070 1452 1110 δεῖν

110 1137 233 1191 ὑμᾶς,
263 1154 289 1191 η
323 1145 514 1192 συνεχῶς
546 1140 779 1192 πολεμήσει
810 1139 881 1179 καὶ
910 1146 1049 1188 κακῶς
1075 1137 1244 1181 ἐκεῖνον
1270 1142 1451 1193 ποιήσει.

111 1210 167 1262 μή
198 1224 271 1261 μοι
302 1210 486 1263 μυρίους
518 1209 626 1263 μηδὲ
653 1210 910 1263 δισμυρίους
937 1209 1100 1264 ξένους,
1128 1210 1236 1264 μηδὲ
1262 1211 1336 1260 τὰς
1363 1210 1451 1252 ἐπι-

113 1281 388 1331 στολιμαιόυς
413 1280 571 1329 ταύτας
598 1280 817 1334 δυνάμεις,
848 1279 938 1321 ἀλλ’
975 1281 996 1334 ἢ
1029 1288 1103 1334 τῆς
1129 1269 1302 1330 πόλεώς
1320 1279 1453 1335 ἔσται,

111 1341 193 1392 κᾶν
214 1342 339 1403 γὺμεῖς
365 1350 442 1392 ἕνα
468 1350 549 1391 κᾶν
575 1352 751 1400 πλείους
777 1350 858 1392 κᾶν
884 1352 962 1392 τὸν
989 1352 1111 1393 δεῖνα
1136 1351 1218 1392 κᾶν
1245 1352 1453 1394 ὁντινοῦν

111 1423 440 1476 χειροτονήσητε
465 1423 720 1476 στρατηγόν,
745 1422 884 1478 τούτῳ
905 1423 1096 1463 πείσεται
1117 1423 1187 1463 καὶ
1208 1422 1453 1477 ἀκολουθή-

114 1504 190 1534 σει.
228 1492 299 1533 καὶ
331 1493 502 1547 τροφὴν
533 1493 667 1549 ταύτῃ
699 1494 876 1546 πορίσαι
909 1493 1081 1534 κελεύω.
1122 1491 1241 1535 ἔσται
1275 1492 1311 1535 δ’
1344 1494 1451 1548 αὕτη
1511 1508 1515 1509 ’

112 1564 175 1612 τίς
206 1563 231 1616 ἡ
265 1563 466 1615 δύναμις;
498 1563 569 1604 καὶ
595 1565 726 1617 πόσης
758 1564 828 1604 καὶ
861 1565 1003 1605 πόθεν
1034 1565 1114 1618 τὴν
1145 1566 1316 1618 τροφὴν
1351 1564 1452 1616 ἕξεις

112 1634 183 1675 καὶ
208 1640 296 1682 πῶς
317 1632 434 1675 ταῦτ’
455 1632 655 1687 ἐθελήσει
676 1641 837 1685 ποιεῖν;
858 1633 940 1688 ἐγὼ
963 1635 1129 1689 φράσω,
1148 1633 1248 1676 καθ’
1271 1635 1453 1678 ἕκαστον

112 1704 281 1746 τούτων
308 1704 480 1754 διεξιὼν
506 1707 647 1760 χωρίς.
686 1705 836 1755 ξένους
863 1705 942 1757 μὲν
976 1705 1217 1759 λέγω-καὶ
1251 1707 1364 1756 ὅπως
1396 1708 1452 1761 μὴ

113 1772 313 1828 ποιήσεθ’
345 1775 367 1816 ὃ
394 1776 600 1825 πολλάκις
626 1776 735 1828 ὑμᾶς
763 1774 969 1829 ἔβλαψεν·
996 1774 1119 1817 πάντ’
1146 1776 1305 1818 ε’λάττω
1332 1779 1453 1830 νομί-

80 1862 94 1886 5
115 1848 258 1897 ζοντες
291 1841 402 1887 εἶναι
434 1853 512 1888 τοῦ
547 1846 735 1901 δέοντος,
761 1847 831 1888 καὶ
857 1848 908 1887 τὰ
934 1846 1096 1900 μέγιστ’
1129 1846 1176 1889 ἐν
1205 1855 1293 1897 τοῖς
1322 1850 1454 1903 ψηφί-

115 1927 274 1968 σμασιν
312 1917 583 1971 αἱρούμενοι,
627 1917 695 1958 ἐπὶ
740 1923 797 1974 τῷ
836 1917 1042 1971 πράττειν
1085 1918 1188 1959 οὐδὲ
1232 1920 1283 1959 τὰ
1323 1921 1453 1971 μικρὰ

115 1994 292 2028 ποιεῖτε·
313 1987 421 2028 ἀλλὰ
435 1989 486 2028 τὰ
500 1989 630 2041 μικρὰ
651 1990 908 2041 ποιήσαντες
923 1989 989 2029 καὶ
1007 1991 1263 2043 πορίσαντες
1284 1990 1452 2039 τούτοις

115 2059 387 2112 προστίθετε,
419 2057 473 2099 ἂν
506 2057 664 2100 ἐλάττω
693 2060 910 2113 φαίνηται.
948 2058 1055 2112 λέγω
1084 2060 1137 2113 δὴ
1163 2062 1264 2109 τοὺς
1290 2060 1452 2110 πάντας
1480 2074 1488 2086 ²

117 2128 378 2181 στρατιώτας
405 2129 656 2183 δισχιλίους,
682 2129 850 2170 τούτων
877 2128 913 2170 δ’
936 2127 1196 2183 Ἀθηναίους
1223 2131 1332 2183 φημὶ
1360 2132 1453 2172 δεῖν

117 2195 228 2239 εἶναι
254 2201 578 2253 πεντακοσίους,
610 2198 651 2249 ἐξ
685 2197 733 2252 ἧς
766 2200 820 2241 ἄν
849 2216 966 2249 τινος
992 2200 1097 2252 ὑμῖν
1124 2201 1289 2254 ἡλικίας
1315 2205 1453 2250 καλῶς

1479 444 1521 474 18

1480 941 1522 971 19
