1689 2531
103 393 147 423 25

106 890 148 920 26

111 1458 152 1488 27

112 1956 156 1987 -28

177 69 259 111 180
656 68 1030 102 ΔΗΜΟΣΘΕΝΟΤΣ
1447 71 1515 115 [xv

171 167 249 208 τὸν
275 165 355 218 μὲν
381 165 436 214 ὡς
463 167 637 218 φαῦλον
669 163 749 205 οὐκ
780 162 1079 217 ἀμυνούμεθα,
1110 169 1170 222 τῷ
1196 162 1233 206 δ’
1265 165 1322 215 ὡς
1348 167 1524 223 φοβερῷ

172 234 307 278 πάνθ’
339 234 583 290 ὑπείξομεν,
608 235 715 290 πρὸς
740 236 861 285 τίνας
879 234 882 291 J
900 232 933 276 ὦ
959 235 1116 289 ἄνδρες
1136 233 1358 290 Ἀθηναῖοι
1382 252 1519 292 παρα-
1540 239 1614 275 198

172 307 409 360 ταξόμεθα;

232 378 334 420 Εἰσὶ
361 377 412 419 δέ
434 393 548 427 τινες
575 374 607 418 ὦ
634 377 790 431 ἄνδρες
810 374 1039 431 Ἀθηναῖοι
1065 375 1163 432 παρ’
1189 377 1294 430 ὑμῖν
1326 379 1520 421 δεινότα-

173 466 241 492 τοι
277 450 329 491 τὰ
362 450 507 490 δίκαια
540 448 684 502 λέγειν
717 448 826 502 ὑπὲρ
858 455 946 489 τῶν
978 448 1123 489 ἄλλων
1154 448 1261 503 πρὸς
1292 448 1421 504 ὑμᾶς,
1454 443 1518 499 οἷς
1539 466 1554 492 5

175 517 477 576 παραινέσαιμ’
504 519 558 561 ἂν
577 517 713 573 ἔγωγε
733 525 946 560 τοσοῦτον
965 520 1116 574 μόνον,
1141 519 1249 574 ὑπὲρ
1270 519 1394 572 ὑμῶν
1413 521 1520 575 πρὸς

173 595 276 643 τοὺς
303 593 460 641 ἄλλους
488 594 628 644 ζητεῖν
647 590 699 631 τὰ
725 590 871 631 δίκαια
898 589 1054 644 λέγειν,
1078 587 1134 631 ἵν’
1160 589 1285 631 αὐτοὶ
1311 591 1363 632 τὰ
1388 601 1521 645 προσ-

174 666 336 718 ήκοντα
371 670 537 717 πρῶτοι
575 662 819 715 φαίνωνται
856 667 1102 710 ποιοῦντες·
1141 661 1197 711 ὡς
1235 658 1320 703 ἔστ’
1358 662 1522 704 ἄτοπον

175 735 273 789 περὶ
305 742 394 775 τῶν
421 734 603 775 δικαίων
627 732 737 784 ὑμᾶς
764 732 989 774 διδάσκειν
1014 731 1150 774 αὑτὸν
1176 731 1228 773 οὐ
1256 732 1402 774 δίκαια
1427 747 1522 774 ποι-

177 813 329 849 οῦντα·
351 805 403 847 οὐ
424 804 506 859 γάρ
529 802 618 845 ἐστι
639 804 810 845 δίκαιον
830 804 936 845 ὄντα
955 804 1138 857 πολίτην
1157 804 1259 852 τοὺς
1277 801 1378 845 καθ’
1398 803 1523 856 ὑμῶν
1543 821 1576 846 ιο

179 879 348 932 λόγους,
379 876 488 917 ἀλλὰ
519 875 575 930 μὴ
607 876 709 924 τοὺς
741 874 850 926 ὑπὲρ
882 875 1007 927 ὑμῶν
1039 873 1264 928 ἐσκέφθαι.
1303 873 1410 929 φέρε
1439 874 1522 928 γὰρ

178 950 285 1004 πρὸς
312 952 434 989 θεῶν
461 953 671 999 σκοπεῖτε,
697 946 741 987 τί
765 943 913 999 δήποτ’
940 944 988 987 ἐν
1007 946 1230 1002 Βυζαντίῳ
1252 944 1396 995 οὐδείς
1423 943 1517 986 ἐσθρ

178 1021 200 1062 ὁ
241 1018 430 1069 διδάξων
469 1015 661 1065 ἐκείνους
699 1016 756 1070 μὴ
794 1015 1143 1070 καταλαμβάνειν
1179 1016 1461 1071 Χαλκηδόνα,
1497 1016 1523 1070 ἣ

179 1089 390 1146 βασιλέως
421 1088 501 1141 μέν
533 1086 664 1140 ἐστιν,
699 1087 832 1142 εἴχετε
864 1084 901 1128 δ’
934 1086 1072 1141 αὐτὴν
1102 1087 1236 1142 ὑμεῖς,
1268 1085 1448 1137 ἐκείνοις
1481 1085 1518 1128 δ’

180 1162 433 1214 οὐδαμόθεν
452 1165 688 1214 προσῆκεν·
714 1158 823 1212 μηδὲ
842 1159 1145 1213 Σηλυμβρίαν,
1163 1158 1293 1199 πόλιν
1312 1157 1525 1212 ὑμετέραν
1545 1174 1578 1201 15

179 1233 282 1275 ποτὲ
317 1232 544 1286 σύμμαχον
579 1227 729 1284 οὖσαν,
766 1229 823 1278 ὡς
855 1229 1014 1278 αὐτοὺς
1051 1232 1236 1283 συντελῆ
1273 1236 1417 1271 ποιεῖν
1453 1228 1525 1270 καὶ

180 1304 432 1355 Βυζαντίων
459 1302 618 1356 ὁρίζειν
641 1301 722 1355 τὴν
746 1300 915 1341 τούτων
940 1300 1086 1354 χώραν
1111 1300 1228 1354 παρὰ
1247 1301 1348 1349 τοὺς
1369 1300 1525 1355 ὅρκους

180 1375 252 1417 καὶ
283 1375 357 1424 τὰς
391 1374 628 1426 συνθήκας,
661 1370 707 1413 ἐν
739 1365 805 1421 αἶς
837 1371 1109 1423 αὐτονόμους
1141 1371 1215 1420 τὰς
1241 1371 1387 1420 πόλεις
1414 1365 1525 1412 εἶναι

180 1446 436 1501 γέγραπται;
469 1444 573 1486 οὐδὲ
598 1443 854 1485 Μαύσωλον
880 1445 1029 1496 ζῶντα,
1061 1442 1165 1483 οὐδὲ
1189 1443 1525 1495 τελευτήσαντος

182 1516 352 1559 ἐκείνου
380 1517 460 1571 τὴν
476 1513 745 1570 Ἀρτεμισίαν
772 1514 915 1563 οὐδείς
943 1511 1036 1554 ἐσθ’
1064 1513 1085 1554 ὁ
1113 1511 1303 1562 διδάξων
1322 1513 1378 1567 μὴ
1399 1528 1527 1554 κατα-
1546 1530 1579 1555 20

183 1588 421 1641 λαμβάνειν
436 1590 542 1629 Κῶν
562 1583 791 1627 καὶῬόδον
809 1585 881 1626 καὶ
901 1585 1031 1633 ἄλλας
1052 1583 1197 1638 ἑτέρας
1218 1585 1364 1633 πόλεις
1378 1581 1528 1637 Ἑλλη-

182 1660 319 1714 νίδας,
339 1656 401 1701 ὧν
420 1659 624 1711 βασιλεὺς
645 1656 667 1698 ὁ
683 1655 859 1697 ’κείνων
879 1655 1088 1709 δεσπότης
1104 1653 1151 1696 ἐν
1170 1661 1262 1704 ταῖς
1284 1656 1527 1708 συνθήκαις

184 1730 344 1783 ἀπέστη
371 1736 460 1778 τοῖς
472 1727 662 1782 ΓἘλλησι,
688 1727 759 1768 καὶ
784 1726 882 1780 περὶ
909 1723 971 1767 ὧν
990 1727 1180 1775 πολλοὺς
1200 1725 1436 1775 κινδύνους
1456 1725 1528 1766 καὶ

183 1802 342 1850 καλοὺς
376 1800 545 1855 ἀγῶνας
578 1800 618 1840 οἱ
650 1796 740 1840 κατ’
773 1796 965 1846 ἐκείνους
991 1798 1094 1846 τοὺς
1120 1797 1306 1851 χρόνους
1323 1793 1528 1850 ’Έλληνες

185 1871 455 1926 ἐποιήσαντο.
495 1872 530 1912 εἱ
564 1868 600 1911 δ’
633 1871 715 1923 ἄρα
747 1869 818 1910 καὶ
845 1868 959 1922 λέγει
991 1883 1054 1916 τις
1081 1866 1342 1921 ἀμφοτέροις
1368 1866 1530 1922 αὐτοῖς,
1549 1883 1581 1910 25

185 1942 275 1985 ἀλλ’
304 1943 348 1985 οῖ’
370 1958 419 1996 γε
445 1942 694 1993 πεισόμενοι
720 1941 904 1994 τούτοις,
930 1939 985 1988 ὡς
1005 1937 1158 1990 ἔοικεν,
1185 1937 1265 1979 οὐκ
1285 1938 1408 1980 εἰσίν.
1445 1935 1527 1991 ἐγὼ

186 2016 234 2056 δὲ
260 2016 431 2056 δίκαιον
450 2015 530 2066 μὲν
550 2008 662 2054 εἶναι
683 2013 840 2064 νομίζω
861 2010 1065 2064 κατάγειν
1084 2010 1161 2051 τὸν
1175 2007 1352 2051 Ῥοδίων
1373 2009 1529 2062 δῆμον·

186 2086 238 2128 οὐ
264 2086 350 2139 μὴν
376 2084 485 2126 ἀλλὰ
510 2084 581 2125 καὶ
608 2084 644 2125 εἰ
670 2083 726 2137 μὴ
754 2083 925 2124 δίκαιον
956 2078 1023 2135 ἦν,
1055 2081 1161 2122 ὅταν
1187 2081 1246 2130 εἰς
1273 2079 1299 2121 ἃ
1324 2085 1529 2121 ποιοῦσιν

186 2155 308 2199 οὗτοι
334 2157 492 2210 βλέψω,
524 2156 760 2209 προσήκειν
792 2149 911 2205 οἶμαι
937 2158 1167 2205 παραινεῖν
1204 2150 1418 2205 κατάγειν.
1458 2150 1530 2191 διὰ
1550 2152 1626 2189 199

187 2229 245 2280 τί;
273 2229 337 2270 ὅτι
363 2227 540 2268 πάντων
564 2226 644 2278 μὲν
664 2222 696 2266 ὦ
717 2225 872 2279 ἄνδρες
890 2221 1114 2277 Ἀθηναῖοι
1139 2222 1192 2264 τὰ
1217 2222 1362 2263 δίκαια
1388 2227 1531 2262 ποιεῖν
1550 2237 1584 2262 3ο

1679 1958 1688 1992 9
