1689 2531
140 93 213 137 vn]
588 93 702 125 ΠΕΡΙ
726 92 1035 126 ΑΛοΝΝΗΣοΤ
1431 91 1482 131 77

139 187 475 244 πεφρονηκέναι,
495 187 541 237 ὃς
560 189 640 242 τὴν
660 188 818 242 χώραν,
837 188 892 242 ἣν
912 185 1170 242 οῑ”Ἐλληνες
1190 187 1261 229 καὶ
1280 189 1485 241 βασιλεὺς

140 261 162 302 ὁ
184 264 372 315 Περσῶν
392 258 664 313 ἐψηφίσαντο
685 259 757 300 καὶ
777 259 1108 312 ὡμολογήκασιν
1127 258 1341 313 ὑμετέραν
1361 254 1485 312 εἶναι,

139 331 302 385 ταύτην
329 330 465 384 φησιν
492 328 648 371 ἑαυτοῦ
675 330 747 370 καὶ
773 329 852 384 οὐχ
878 328 1091 384 ὑμετέραν
1118 326 1248 381 εἷναι;

199 401 313 456 Περὶ
351 401 399 442 δὲ
436 406 515 442 τοῦ
543 399 692 453 ἑτέρου
728 399 1108 454 ἐπανορθώματος,
1147 401 1169 442 ὃ
1202 401 1323 453 ’ὑμεῖς
1356 399 1404 442 ἐν
1434 408 1485 456 τῇ

102 491 120 517 5
141 474 291 529 εἰρήνῃ
324 470 682 525 ἐπανορθοῦσθε,
718 473 820 520 τοὺς
853 472 1011 521 ἄλλους
1034 469 1264 525 Ἕλληνας,
1302 473 1398 514 ὅσοι
1429 474 1485 527 μὴ

141 548 405 584 κοινωνοῦσι
448 548 522 595 τῆς
567 543 758 596 εἰρήνης,
803 541 1064 596 ἐλευθέρους
1107 543 1178 583 καὶ
1216 543 1486 595 αὐτονόμους

142 609 274 668 εἶναι,
309 613 382 654 καὶ
414 611 490 654 ἐάν
520 628 585 662 τις
618 611 681 654 ἐπ’
713 612 872 662 αὐτοὺς
905 613 1133 671 στρατεύῃ,
1168 616 1354 668 βοηθεῖν
1384 616 1486 663 τοὺς

141 690 464 733 κοινωνοῦντας
489 690 564 737 τῆς
591 685 776 738 εἰρήνης,
801 684 1037 737 ἡγούμενοι
1063 684 1134 725 καὶ
1160 685 1332 726 δίκαιον
1357 691 1485 727 τοῦτο

141 755 213 796 καὶ
245 754 581 809 φιλάνθρωπον,
612 756 669 808 μὴ
701 756 840 806 μόνον
870 755 979 808 ἡμᾶς
1011 756 1081 796 καὶ
1108 757 1209 804 τοὺς
1236 756 1486 810 συμμάχους

84 846 119 871 no
138 827 240 875 τοὺς
272 825 505 880 ἡμετέρους
537 826 606 866 καὶ
638 827 858 867 Φίλιππον
884 827 953 866 καὶ
980 828 1081 875 τοὺς
1109 826 1359 881 συμμάχους
1385 829 1486 876 τοὺς

140 895 308 939 ἐκείνου
335 898 459 951 ἄγειν
479 898 559 950 τὴν
579 898 770 951 εἰρήνην,
796 899 897 946 τοὺς
919 898 966 938 δὲ
986 899 1090 951 μήτε
1111 897 1343 951 ἡμετέρους
1359 899 1486 948 ὄντας

138 970 243 1022 μήτε
268 970 487 1010 Φιλίππου
523 969 773 1023 συμμάχους
801 967 848 1009 ἐν
872 968 986 1025 μέσῳ
1007 972 1182 1010 κεῖσθαι
1202 970 1273 1010 καὶ
1293 969 1378 1011 ὑπὸ
1399 976 1486 1010 τῶν

139 1040 403 1093 κρειττόνων
429 1039 721 1094 ἀπόλλυσθαι,
753 1039 861 1080 ἀλλα
887 1040 958 1081 καὶ
984 1040 1155 1089 τούτοις
1183 1041 1255 1081 διὰ
1280 1041 1360 1094 τὴν
1386 1040 1486 1092 ὑμε-

139 1109 270 1164 τέραν
297 1112 476 1165 εἰρήνην
508 1110 721 1165 ὑπάρχειν
749 1113 979 1165 σωτηρίαν,
1010 1111 1081 1152 καὶ
1107 1116 1166 1168 τῷ
1186 1112 1280 1152 ὄντι
1308 1112 1487 1165 εἰρήνην

84 1199 121 1225 15
142 1181 265 1234 ἄγειν
290 1184 399 1235 ἡμᾶς
425 1181 750 1233 καταθεμένους
777 1182 827 1222 τὰ
855 1182 978 1235 ὅπλα,
1003 1187 1133 1223 τοῦτο
1160 1182 1207 1222 δὲ
1233 1183 1281 1223 τὸ
1304 1180 1486 1234 ἐπανόρ-

139 1255 268 1304 θωμα
307 1252 533 1305 ὁμολογῶν
570 1251 617 1293 ἐν
650 1259 699 1307 τῇ
733 1251 955 1307 ἐπιστολῇ,
993 1253 1049 1302 ὡς
1081 1251 1278 1306 ἀκούετε,
1316 1253 1487 1294 δίκαιόν

140 1320 173 1363 τ’
207 1318 319 1364 εἶναι
346 1323 416 1364 καὶ
444 1322 664 1377 δέχεσθαι,
694 1325 894 1377 Φεραίων
920 1324 999 1375 μὲν
1020 1322 1238 1381 ἀφῄρηται
1258 1324 1338 1377 τὴν
1358 1324 1487 1364 πόλιν

141 1394 210 1435 καὶ
233 1394 437 1447 φρουρὰν
466 1392 512 1435 ἐν
538 1401 589 1449 τῇ
616 1393 849 1447 ἀκροπόλει
877 1394 1150 1448 κατέστησεν,
1180 1395 1253 1435 ἵνα
1280 1395 1332 1448 δὴ
1360 1394 1487 1435 αὐτό-

139 1479 266 1516 νομοι
305 1461 426 1518 ὦσιν,
465 1463 533 1505 ἐπὶ
567 1462 604 1505 δ’
638 1462 896 1517 Ἀμβρακίαν
930 1465 1220 1519 στρατεύεται,
1257 1466 1331 1514 τὰς
1370 1463 1407 1506 δ’
1440 1464 1487 1506 ἐν

82 1553 119 1579 20
140 1537 382 1592 Κασσωπίᾳ
420 1543 533 1589 τρεῖς
573 1537 738 1589 πόλεις,
776 1537 1036 1577 Πανδοσίαν
1073 1537 1144 1577 καὶ
1184 1536 1378 1590 Βούχετα
1416 1537 1486 1577 καὶ

132 1603 369 1661 Ἐλάτειαν,
388 1604 574 1648 Ἠλείων
601 1606 812 1660 ἀποικίας,
840 1607 1112 1655 κατακαύσας
1138 1607 1218 1660 τὴν
1245 1607 1390 1661 χώραν
1416 1608 1487 1648 καὶ

139 1679 199 1726 εἰς
242 1678 316 1726 τὰς
361 1679 506 1727 πόλεις
551 1677 813 1731 βιασάμενος
852 1677 1103 1731 παρέδωκεν
1135 1675 1395 1734 Ἀλεξάνδρῳ
1434 1683 1493 1734 τῷ

138 1749 323 1803 κηδεστῇ
349 1753 408 1805 τῷ
429 1747 586 1790 ἑαυτοῦ
614 1749 854 1789 δουλεύειν.
882 1749 1054 1802 σφόδρα
1080 1764 1129 1802 γε
1155 1749 1359 1801 βούλεται
1385 1751 1487 1798 τοὺς

129 1817 341 1872 ’Έλληνας
368 1817 629 1873 ἐλευθέρους
657 1814 768 1860 εἶναι
795 1819 866 1859 καὶ
893 1819 1177 1873 αὐτονόμους,
1203 1820 1258 1868 ὡς
1286 1820 1412 1873 δηλοῖ
1436 1820 1487 1860 τὰ

86 1906 120 1931 25
141 1887 257 1943 ἔργα.

199 1961 310 2013 Περὶ
339 1961 385 2001 δὲ
411 1968 499 2002 τῶν
525 1961 803 2015 ὑποσχέσεων
830 1958 892 2002 ὧν
917 1961 1021 2013 ὑμῖν
1043 1962 1230 2003 διατελεῖ
1250 1961 1486 2015 ὑπισχνού-

70 2034 118 2069 85
142 2047 270 2083 μενος
296 2032 351 2080 ὡς
378 2032 541 2085 μεγάλα
568 2032 678 2084 ὑμᾶς
706 2032 1015 2086 εὐεργετήσων,
1041 2030 1416 2086 καταψεύδεσθαίὶ
1435 2031 1488 2083 μέ

143 2112 279 2155 φησιν
317 2102 452 2143 αὐτοῦ
493 2103 785 2155 διαβάλλοντα
823 2103 929 2157 πρὸς
961 2104 1062 2151 τοὺς
1087 2100 1316 2155 ”Έλληνας’
1355 2102 1487 2144 οὐδὲν

141 2173 223 2225 γὰρ
268 2172 374 2224 ὑμῖν
417 2173 591 2214 πώποτέ
627 2184 763 2227 φησιν
800 2173 1086 2228 ὑπεσχῆσθαι.
1132 2172 1268 2221 οὕτως
1307 2172 1487 2226 ἀναιδής

87 2260 121 2285 ³0
142 2241 261 2284 ἐστιν
287 2243 308 2283 ὁ
337 2241 384 2284 ἐν
411 2242 614 2299 ἐπιστολῇ
635 2245 876 2298 γεγραφώς,
901 2244 928 2298 ἤ
949 2243 1038 2285 ἐστι
1059 2250 1144 2284 νῦν
1165 2242 1212 2284 ἑν
1233 2249 1290 2300 τῷ
1305 2246 1487 2296 βουλευ-

1513 413 1557 444 30

1514 769 1555 799 31

1513 1193 1556 1223 32

1514 1971 1557 2001 33
