1689 2531
114 583 156 614 22

183 119 238 160 22
667 121 1041 154 ΔΗΜΟΣΘΕΝΟΤΣ
1478 118 1528 164 [Π

183 215 325 269 ῥῆγμα
356 215 439 257 κᾶν
471 214 663 270 στρέμμα
694 216 777 257 κᾶν
809 217 915 257 ἄλλο
947 231 987 256 τι
1019 223 1108 257 τῶν
1138 215 1428 270 ὑπαρχόντων
1457 227 1528 256 σα-

182 290 310 340 θρῶν
341 283 382 342 ᾖ,
415 287 529 328 οὕτω
556 287 626 328 καὶ
652 295 740 328 τῶν
765 289 936 328 πόλεων
961 285 1032 327 καὶ
1058 294 1146 327 τῶν
1171 287 1418 340 τυράννων,
1448 284 1529 335 ἕως

184 357 263 411 μὲν
301 357 356 399 ἂν
394 358 472 408 ἔξω
511 361 778 412 πολεμῶσιν,
817 357 964 412 ἀφανῆ
1003 358 1055 398 τὰ
1086 358 1195 399 κακὰ
1227 364 1319 406 τοῖς
1349 359 1529 405 πολλοῖς

184 427 317 482 ἐστιν,
338 428 516 470 ἐπειδὰν
537 427 574 468 δ’
593 428 752 482 ὅμορος
772 429 958 480 πόλεμος
974 431 1217 482 συμπλακῇ,
1237 427 1370 468 πάντ’
1385 425 1530 471 ἐποίη-

185 511 261 541 σεν
287 500 455 549 ἔκδηλα.

244 572 302 612 Εἰ
320 570 372 612 ὁέ
388 586 453 619 τις
472 570 596 624 ὑμῶν
618 566 649 610 ὦ
672 570 828 623 ἀνδρες
842 569 1064 623 Ἀθηναῖοι
1079 570 1156 612 τὸν
1174 572 1396 610 Φίλιππον
1411 569 1531 610 εὐτυ-

185 640 339 696 χοῦνθ’
368 641 484 695 ὁρῶν
503 641 636 695 ταύτῃ
659 641 853 694 φοβερὸν
872 643 1227 694 προσπολεμῆσαι
1248 642 1425 694 νομιζει,
1449 642 1532 682 σώ-

186 727 352 765 φρονος
395 709 475 763 μὲν
519 711 763 765 ἀιθρωπου
809 714 1000 767 λογισμῷ
1035 717 1203 765 χρῆται·
1247 711 1411 765 μεγάλη
1449 711 1532 766 γὰρ

187 782 314 836 ῥοπή,
345 785 513 836 μᾶλλον
546 782 592 823 δ’
612 783 719 824 ὅλον
751 783 775 836 ἡ
808 783 915 837 τύχη
947 783 1064 836 παρὰ
1094 780 1218 823 πάντ’
1247 782 1337 823 ἐστὶ
1368 783 1420 823 τὰ
1445 790 1533 824 τῶν

188 853 441 906 ἀνθρώπων
466 854 710 908 πράγματα·
739 854 791 895 οὐ
819 854 906 908 μὴν
931 851 1024 895 ἀλλ7
1051 850 1195 906 ἔγωγ’,
1221 857 1265 894 εῐ
1280 868 1344 902 τις
1364 854 1534 908 αἵρεσίν

188 941 261 977 μοι
294 925 405 978 δοίη,
441 926 520 978 τὴν
551 931 626 979 τῆς
655 924 862 979 ἡμετέρας
894 926 1061 973 πόλεως
1091 924 1227 978 τύχην
1259 923 1314 965 ἂν
1346 922 1536 978 ἑλοίμην,

189 995 438 1036 ἐθελόντων
482 995 507 1037 ἃ
545 998 755 1048 προσήκει
792 1002 937 1037 ποιεῖν
974 995 1099 1047 ὑμῶν
1137 995 1283 1036 αὐτῶν
1319 995 1390 1036 καὶ
1428 995 1536 1035 κατὰ

189 1068 361 1120 μικρόν,
393 1065 418 1120 ἢ
451 1067 530 1120 τὴν
562 1065 751 1108 ἐκείνου’
784 1068 897 1107 πολὺ
930 1067 1013 1120 γὰρ
1042 1067 1219 1114 πλείους
1247 1064 1449 1120 ἀφορμὰς
1474 1067 1536 1114 εἰς

190 1138 237 1179 τὸ
259 1138 338 1190 τὴν
358 1138 474 1190 παρὰ
494 1145 582 1178 τῶν
602 1142 723 1179 θεῶν
743 1138 922 1179 εὔνοιαν
942 1135 1059 1191 ἔχειν
1079 1137 1165 1191 ὁρῶ
1186 1137 1291 1191 ὑμῖν
1312 1135 1534 1189 ἐνούσαςῆ

118 1221 163 1252 23
185 1207 342 1265 ’κείνῳ
371 1207 460 1250 ἀλλ’
489 1204 609 1262 οἶμαι
629 1207 845 1261 καθήμεθ’
873 1206 1006 1249 οὐθὲν
1031 1214 1278 1257 ποιοῦντες·
1307 1207 1387 1249 οὐκ
1408 1209 1474 1248 ε’νι
1494 1204 1530 1248 δ’

192 1280 327 1322 αὐτὸν
347 1278 551 1333 ἀργοῦντ’
578 1277 681 1321 οὐδὲ
698 1282 844 1333 φίλοις
859 1278 1102 1321 ἐπιτάττειν
1118 1277 1224 1332 ὑπὲρ
1239 1279 1375 1320 αὑτοῦ
1390 1294 1430 1319 τι
1443 1292 1538 1320 ποι-

193 1358 272 1405 εῖν,
286 1353 343 1404 μη
358 1353 401 1392 τί
413 1366 461 1404 γε
476 1351 528 1404 δὴ
543 1357 634 1398 τοῖς
648 1354 780 1399 θεοῖς.
803 1350 854 1392 οὐ
871 1351 923 1404 δὴ
936 1352 1197 1404 θαυμαστόν
1212 1349 1343 1402 ἐστιν,
1358 1351 1398 1390 εἰ
1410 1360 1538 1403 στρα-

192 1424 420 1474 τευόμενος
445 1422 515 1463 καὶ
541 1429 691 1463 πονῶν
713 1421 877 1471 ἐκεῖνος
898 1421 1027 1471 αὐτὸς
1046 1420 1117 1462 καὶ
1137 1421 1290 1474 παρὼν
1310 1418 1381 1474 ἐφ’
1406 1421 1537 1461 ἅπασι

193 1492 262 1534 καὶ
284 1496 388 1547 μήτε
408 1494 562 1547 καιρὸν
581 1491 687 1546 μήθ’
707 1493 827 1545 ὥραν
845 1494 1126 1547 παραλείπων
1147 1491 1269 1545 ἡμῶν
1289 1492 1539 1545 μελλόντων

193 1564 264 1605 καὶ
290 1563 599 1618 ψηφιζομένων
625 1564 697 1605 καὶ
720 1563 1075 1618 πυνθανομένων
1095 1565 1407 1617 περιγίγνεται·
1435 1561 1538 1603 οὐδὲ

194 1636 404 1689 θαυμάζω
431 1634 548 1676 τοῦτ’
582 1634 684 1688 ἐγώ·
711 1635 973 1676 τούναντίον
1000 1635 1079 1688 γὰρ
1108 1633 1161 1676 ἂν
1186 1631 1241 1688 ἣν
1267 1634 1539 1686 θαυμαστόν,

195 1707 233 1748 εἰ
264 1707 401 1760 μηὸὲν
432 1713 663 1755 ποιοῦντες
694 1705 816 1760 ἡμεῖς
849 1702 910 1747 ὧν
942 1714 1031 1754 τοῖς
1062 1709 1300 1759 πολεμοῦσι
1331 1706 1540 1759 προσηκει

124 1790 170 1819 ‘24
196 1783 273 1819 τοῦ
301 1777 442 1818 πάντα
462 1783 727 1826 ποιοῦντος
716 1783 842 1831 περιῆ
833 1774 948 1833 Λμεν.
982 1775 1075 1818 ἀλλ’
1095 1775 1234 1817 εκεῖνο
1254 1776 1477 1829 θαυμάζω,
1504 1790 1537 1816 ει

198 1848 562 1901 Λακεδαιμονίοις
594 1847 674 1902 μέν
703 1846 796 1889 ποτ’
824 1845 856 1888 ὦ
884 1848 1042 1901 ἄνδρες
1068 1847 1293 1900 Αθηναῖοι
1318 1844 1427 1901 ὑπερ
1453 1853 1541 1887 τῶν

191 1917 468 1972 Ελληνικῶν
489 1919 672 1959 (δικαίων
691 1918 916 1973 ἀντηρατε,
944 1935 1013 1959 και
1032 1917 1164 1959 πόλλ’
1179 1918 1268 1959 ἰδία
1286 1921 1542 1970 πλεονεκτῆ-

199 2001 270 2031 σαι
296 1990 503 2038 πολλάκις
528 1988 635 2043 ὑμῖν
661 1988 758 2039 ἐξὸν
779 1990 859 2031 οὐκ
879 1990 1135 2043 ἠθελήσατε,
1162 1986 1252 2030 ἀλλ’
1275 1987 1330 2029 ἵν’
1357 1989 1398 2030 οἱ
1418 1989 1542 2029 ἄλλοι

198 2061 360 2115 τύχωσι
386 2068 475 2101 τῶν
502 2061 700 2114 δικαίων,
732 2062 784 2101 τὰ
809 2058 980 2114 ὑμέτερ’
1012 2060 1156 2101 αὐτῶν
1182 2057 1423 2113 ἀνηλίσκετ’
1456 2059 1542 2100 εἰσ-

199 2131 409 2187 φέροντες
445 2131 516 2172 καὶ
548 2130 945 2184 προύκινόυνεύετε
978 2131 1327 2184 στρατευόμενοι,
1365 2129 1468 2171 νυνὶ
1499 2126 1535 2170 ‹3'

199 2201 356 2244 ὀκνεῖτ’
377 2201 535 2252 ἐξιέναι
561 2201 631 2243 καὶ
653 2200 819 2256 μέλλετ’
845 2201 1065 2256 εἰσφέρειν
1085 2198 1195 2255 ὑπὲρ
1215 2208 1303 2242 τῶν
1321 2199 1542 2254 ὑμετέρων

1550 514 1565 541 5

1556 869 1587 894 10

1558 1223 1590 1249 15

1559 1579 1593 1604 20

1562 1933 1595 1959 25

200 2274 345 2316 αὐτῶν
364 2274 605 2328 κτημάτων,
625 2273 694 2314 καὶ
715 2275 817 2321 τοὺς
836 2271 916 2325 μὲν
930 2273 1090 2321 ἄλλους
1108 2269 1321 2329 σεσῴκατε
1335 2271 1543 2319 πολλάκις
1562 2287 1596 2312 30
