1689 2531
84 466 99 492 5

67 820 100 845 10

69 1174 100 1199 15

120 71 185 116 ln]
601 72 924 105 ΟΑΤΝΘΙΑΚΟΣ
949 73 979 104 Γ
1405 71 1455 112 31

111 163 334 220 Ἀθηναῖοι
360 164 488 208 ταῦθ’
521 166 671 221 οὕτως,
697 167 811 216 ὅπως
836 167 908 208 καὶ
933 167 985 208 τὰ
1004 163 1213 221 πράγματ’
1243 165 1460 221 ἐνδέχεται

119 237 191 278 καὶ
216 234 454 290 δυνήσεσθ’
486 235 644 293 ἐξιέναι
669 237 740 278 καὶ
765 238 931 289 μισθὸν
956 235 1080 286 ἕξετε.
1119 237 1171 278 οὔ
1197 252 1264 278 τοι
1291 238 1463 292 σωφρό-

119 323 211 349 νων
236 307 341 350 οὐδὲ
365 309 582 361 γενναίων
609 305 728 349 ἐστὶν
754 307 1018 362 ἀνθρώπων,
1044 305 1320 357 ἐλλείποντάς
1338 323 1379 349 τι
1400 305 1455 348 δι’

120 376 294 420 ἔνδειαν
318 378 549 434 χρημάτων
574 385 663 420 τῶν
682 384 760 420 τοῦ
780 377 984 432 πολέμου,
1011 378 1196 433 εὐχερῶς
1221 379 1274 419 τὰ
1299 376 1460 419 τοιαῦτ’

119 449 266 503 ὀνείδη
294 449 464 503 φέρειν,
495 446 588 490 οὐδ’
628 447 696 490 ἐπὶ
728 449 808 501 μὲν
834 450 1108 502 Κορινθίους
1132 449 1204 490 καὶ
1230 448 1462 503 [Μεγαρέας

120 519 395 574 ἁρπάσαντας
414 520 467 561 τὰ
487 520 598 561 ὅπλα
617 520 898 574 πορεύεσθαι,
924 520 1143 561 Φίλιππον
1163 517 1200 561 δ’
1227 517 1303 560 ἐᾶν
1316 520 1462 568 πόλεις

113 588 367 644 Ἑλληνίδας
402 589 802 644 ἀνδραποδίζεσθαι
836 588 890 632 δι’
928 590 1116 644 ἀπορίαν
1148 588 1341 644 ἐφοδίων
1372 597 1462 639 τοῖς

120 660 488 716 στρατευομένοις.

179 732 267 773 Καὶ
292 729 408 773 ταῦτ’
442 732 521 786 οὐχ
547 730 602 773 ἵν’
635 731 895 786 ἀπέχθωμαί
918 743 1034 773 τισιν
1059 732 1194 784 ὑμῶν,
1219 733 1299 786 τὴν
1325 732 1463 780 ἄλλως
1491 746 1532 775 21

119 800 365 860 προῄρημαι
386 802 529 856 λέγειν
551 802 622 859 (οὐ
643 803 724 857 γὰρ
747 802 883 852 οὕτως
903 803 1059 857 ἄφρων
1079 800 1172 844 οὐδ’
1198 802 1357 857 ἀτυχής
1378 800 1456 855 εἰμ’

120 872 217 927 ἐγώ,
241 871 340 914 ὥστ’
366 872 698 927 ἀπεχθάνεσθαι
717 874 960 926 βούλεσθαι
980 874 1116 927 μηδὲν
1136 873 1324 927 ὠφελεῖν
1342 874 1464 926 νομί-

120 943 236 999 ζων)·
273 943 382 985 ἀλλὰ
409 944 580 985 δικαίου
608 945 788 985 πολίτου
821 945 955 996 κρίνω
981 945 1062 997 τὴν
1086 950 1174 985 τῶν
1200 944 1464 998 πραγμάτων

121 1015 338 1068 σωτηρίαν
365 1013 462 1055 ἀντὶ
493 1020 567 1067 τῆς
595 1013 643 1055 ἐν
667 1019 727 1071 τῷ
748 1014 891 1068 λέγειν
922 1014 1094 1069 χάριτος
1121 1015 1362 1068 αἱρεῖσθαι,
1392 1015 1464 1055 καὶ

119 1086 221 1134 τοὺς
254 1083 323 1126 ἐπὶ
355 1091 442 1126 τῶν
473 1086 706 1139 προγόνων
737 1086 859 1139 ἡμῶν
892 1084 1096 1139 λέγοντας
1128 1084 1286 1139 ἀκούω,
1319 1085 1462 1138 ὥσπερ

122 1160 224 1205 ἴσως
250 1156 321 1196 καὶ
346 1155 482 1210 ὑμεῖς,
507 1155 582 1204 οὓς
610 1154 837 1197 ἐπαινοῦσι
857 1156 937 1208 μὲν
957 1157 997 1197 οἱ
1017 1156 1246 1209 παριόντες
1267 1156 1465 1210 ἅπαντες,

120 1232 353 1278 μιμοῦνται
387 1224 424 1267 δ’
456 1226 508 1268 οὐ
534 1226 664 1280 πάνυ,
689 1226 828 1282 τούτῳ
855 1232 914 1283 τῷ
935 1225 1028 1268 ἔθει
1055 1227 1126 1268 καὶ
1151 1232 1209 1283 τῷ
1224 1228 1368 1283 τρόπω
1390 1233 1463 1280 τῆς

119 1298 337 1346 πολιτείας
362 1302 567 1351 χρῆσθαι,
591 1298 669 1338 τὸν
685 1295 952 1350 Ἀριστείδην
979 1295 1160 1351 ἐκεῖνον,
1184 1298 1262 1339 τὸν
1288 1299 1464 1352 Νικίαν,

119 1368 199 1409 τὸν
234 1366 468 1419 ὁμώνυμον
501 1365 688 1423 ἐμαυτῷ,
719 1368 797 1408 τὸν
824 1367 1051 1421 Περικλέα.
1102 1366 1143 1418 ἐξ
1171 1365 1223 1409 οὗ
1257 1365 1293 1408 δ’
1327 1369 1366 1409 οἱ
1400 1369 1463 1409 δι-
1490 1381 1534 1411 22

71 1480 75 1483 ,
121 1444 363 1493 ερωτῶντες
377 1437 487 1490 ὑμᾶς
503 1435 624 1479 οὗτοι
645 1440 864 1493 πεφήνασι
885 1439 1063 1492 ῥήτορες
1082 1440 1150 1493 ,,τί
1166 1439 1403 1492 βούλεσθε;
1423 1440 1466 1479 τί

68 1527 101 1552 20

51 1866 100 1901 35

69 1950 101 1974 26

70 2232 104 2257 30

119 1508 291 1563 γράψω;
317 1509 360 1549 τί
383 1508 489 1561 ὑμῖν
514 1509 798 1563 χαρίσωμαι;“

828 1509 1096 1563 προπέποται
1121 1515 1195 1562 τῆς
1221 1510 1464 1560 παραυτίκα

121 1579 293 1634 χάριτος
318 1580 370 1620 τὰ
396 1586 469 1633 τῆς
495 1581 658 1629 πόλεως
678 1580 918 1634 πράγματα,
943 1580 1013 1621 καὶ
1033 1580 1200 1621 τοιαυτὶ
1222 1581 1464 1633 συμβαίνει,

121 1651 192 1692 καὶ
229 1651 281 1691 τὰ
318 1650 398 1703 μὲν
434 1650 603 1692 τούτων
640 1650 781 1691 πάντα
812 1654 950 1700 καλῶς
984 1648 1089 1705 ἔχει,
1125 1651 1177 1692 τὰ
1212 1649 1249 1692 δ’
1289 1649 1456 1703 ὑμέτερ’

122 1722 319 1775 αἰσχρῶς.
356 1722 496 1762 καίτοι
523 1719 735 1771 σκέψασθ’
768 1718 799 1762 ὦ
827 1722 982 1775 ἄνδρες
999 1719 1242 1775 Ἀθηναῖοι,
1268 1722 1293 1762 δι’
1318 1737 1382 1770 τις
1409 1721 1463 1762 ἂν
1490 1734 1532 1764 23

121 1788 317 1846 κεφάλαι’
350 1793 488 1833 εἰπεῖν
507 1789 597 1846 ἔχοι
616 1799 704 1833 τῶν
724 1789 758 1833 τ’
785 1791 853 1833 ἐπὶ
874 1799 961 1833 τῶν
980 1793 1212 1846 προγόνων
1232 1790 1372 1846 ἔργων
1392 1792 1462 1833 καὶ

121 1868 208 1903 τῶν
241 1859 307 1916 ἐφ’
344 1862 478 1914 ὑμῶν.
517 1860 636 1904 ἔσται
669 1863 716 1903 δὲ
748 1864 910 1917 βραχὺς
941 1863 1012 1904 καὶ
1043 1863 1260 1916 γνώριμος
1297 1862 1461 1917 ὑμῖνῙὸ

123 1933 265 1986 λόγος·
287 1932 338 1974 οὐ
358 1933 440 1987 γὰρ
462 1932 704 1987 ἀλλοτρίοις
724 1933 829 1985 ὑμῖν
849 1932 1084 1988 χρωμένοις
1103 1934 1603 1986 παραδείγμασιν,ωεθυ

122 2001 214 2044 ἀλλ’
246 2004 420 2052 οἰκείοις
453 2000 484 2044 ὦ
511 2004 667 2057 ἄνδρες
688 2001 920 2058 Ἀθηναῖοι,
951 2003 1206 2056 εὐδαίμοσιν
1230 2002 1367 2053 ἔξεστι
1393 2019 1462 2057 γε-

122 2073 291 2115 νέσθαι.
331 2071 488 2115 ἐκεῖνοι
522 2075 694 2127 τοίνυν,
726 2068 789 2123 οἷς
815 2074 895 2116 οὐκ
921 2072 1163 2129 ἐχαρίζονθ’
1196 2075 1236 2116 οὶ
1264 2073 1461 2128 λέγοντες
1487 2086 1532 2117 24

122 2141 216 2185 οὐδ’
248 2142 432 2197 ἐφίλουν
458 2145 616 2193 αὐτοὺς
648 2145 792 2198 ὥσπερ
819 2145 927 2196 ὑμᾶς
955 2142 1075 2186 οὗτοι
1101 2151 1203 2198 νῦν,
1229 2144 1355 2186 πέντε
1381 2146 1461 2197 μὲν

124 2215 194 2256 καὶ
214 2215 513 2269 τετταράκοντ’
534 2213 605 2269 ἔτη
621 2213 938 2269 τῶνἙλλήνων
951 2213 1087 2270 ἧρξαν
1102 2215 1302 2269 ἑκόντων,
1328 2217 1459 2257 πλείω
