1689 2531
227 91 246 130 1
255 90 310 131 62
710 90 1086 123 ΔΗΜΟΣΘΕΝΟΤΣ
1484 94 1569 137 [XIV

223 186 356 239 μένου
383 187 508 239 μείζω
535 193 621 227 τῶν
640 183 712 227 ὑπ’
739 184 918 229 ἐκείνων
937 187 1227 242 πραχθέντων
1247 187 1424 237 οὐδένες
1444 188 1570 230 ἄλλοι

175 271 193 299 2
221 256 569 310 παραδείξασθαι
591 257 870 312 δεδύνηνται·
891 258 1020 308 αὐτὸς
1041 259 1089 300 δὲ
1108 257 1367 312 πειράσομαι
1381 259 1459 300 τὸν
1471 260 1570 313 τρό-

221 343 307 370 πον
339 330 477 370 εἱπεῖν
509 328 560 370 ὃν
593 329 647 369 ἄν
679 344 752 381 μοι
779 330 944 371 δοκεῖτε
975 330 1160 382 μάλιστα
1187 329 1408 370 δύνασθαι
1434 343 1570 384 παρα-

223 399 534 442 σκευάσασθαι.
569 399 640 440 καὶ
666 400 748 453 γὰρ
777 399 913 449 οὕτως
940 398 1044 455 ἔχει·
1071 401 1107 442 εἰ
1133 400 1213 452 μὲν
1239 400 1358 454 ἡμεῖς
1385 400 1569 450 ἅπαντες

223 471 262 512 οἱ
289 470 518 523 μέλλοντες
540 470 683 525 λέγειν
705 471 842 512 δεινοὶ
864 472 1105 525 φανείημεν
1125 472 1260 525 ὄντες,
1285 471 1417 512 οὐδὲν
1444 470 1498 512 ἂν
1517 472 1569 513 τὰ
1588 488 1605 514 5

221 539 389 595 ὑμέτερ’
423 538 470 583 εὖ
505 537 585 583 οἷδ’
620 543 684 584 ὅτι
717 541 892 595 βέλτιον
925 544 1067 596 σχοίη·
1094 543 1131 584 εἰ
1164 542 1212 583 δὲ
1243 542 1479 596 παρελθὼν
1511 536 1571 592 εἷς

223 612 432 654 ὁστισοῦν
459 613 640 654 δύναιτο
668 612 839 662 διδάξαι
865 613 936 654 καὶ
961 620 1120 668 πεῖσαι,
1145 614 1208 662 τίς
1229 613 1479 667 παρασκευὴ
1500 613 1572 654 καὶ

223 684 335 737 πόση
369 684 440 724 καὶ
472 684 616 725 πόθεν
648 687 912 737 πορισθεῖσα
949 685 1157 738 χρήσιμος
1195 681 1315 725 ἔσται
1350 690 1401 738 τῇ
1436 684 1573 737 πόλει,

222 760 304 803 πᾶς
331 754 352 796 ὁ
374 755 527 808 παρὼν
549 756 687 808 φόβος
710 755 945 796 λελύσεται.
983 753 1065 808 ἐγὼ
1087 755 1135 796 δὲ
1154 752 1289 809 τοῦτ’,
1315 753 1368 796 ἂν
1389 752 1455 809 ἄρ’
1481 748 1571 803 οἷός

222 822 256 866 τ’
290 822 338 875 ὦ,
365 825 625 879 πειράσομαι
652 831 843 880 ποιῆσαι,
873 826 1005 880 μικρὰ
1030 827 1252 880 προειπὼν
1276 823 1381 878 ὑμῖν
1408 826 1463 875 ὡς
1489 823 1570 880 ἔχω
1593 843 1626 868 10

223 896 396 950 γνώμης
422 896 520 949 περὶ
546 903 634 938 τῶν
660 897 767 951 πρὸς
793 898 871 938 τὸν
896 896 1088 950 βασιλέα.

177 979 195 1008 3
277 965 388 1022 Ἐγὼ
426 969 584 1020 νομίζω
623 969 775 1009 κοινὸν
808 966 971 1022 ἐχθρὸν
1003 967 1208 1009 ἁπάντων
1239 975 1327 1010 τῶν
1352 965 1574 1022 Ἑλλήνων

224 1035 336 1081 εἶναι
362 1038 556 1092 βασιλέα,
582 1039 634 1080 οὐ
661 1040 747 1093 μὴν
774 1039 846 1080 διὰ
872 1045 1001 1081 τοῦτο
1022 1036 1323 1092 παραινέσαιμ’
1350 1037 1405 1080 ἂν
1423 1039 1574 1091 μόνοις

223 1117 311 1151 τῶν
349 1110 494 1151 ἄλλων
530 1107 635 1162 ὑμῖν
672 1111 863 1162 πόλεμον
894 1110 1001 1165 πρὸς
1043 1110 1179 1152 αὐτὸν
1210 1110 1420 1164 ἄρασθαι·
1470 1109 1574 1151 οὐδὲ

223 1182 306 1235 γὰρ
324 1182 327 1236 ἶ
345 1181 504 1230 αὐτοὺς
536 1183 638 1230 τοὺς
661 1179 873 1234 ’Έλληνας
899 1181 986 1235 ὁρῶ
1012 1182 1188 1230 κοινοὺς
1215 1180 1416 1234 ἀλλήλοις
1443 1181 1571 1230 ὄντας
1594 1183 1658 1219 Ῑῖἔ

225 1254 395 1306 φίλους,
427 1249 518 1293 ἀλλ’
557 1250 701 1301 ἐνίους
727 1255 894 1304 μᾶλλον
920 1251 1069 1308 ἐκείνω
1097 1252 1380 1301 πιστεύοντας
1406 1252 1432 1305 ἤ
1457 1263 1574 1294 τισιν
1594 1269 1627 1294 16

225 1320 380 1365 αὑτῶν.
429 1321 474 1364 ἐκ
502 1323 554 1377 δὴ
581 1330 670 1364 τῶν
695 1323 908 1365 τοιούτων
927 1325 1085 1375 νομίζω
1108 1322 1350 1377 συμφέρειν
1368 1323 1474 1376 ὑμῖν
1493 1324 1573 1377 τὴν

224 1394 304 1447 μὲν
336 1394 475 1449 ἀρχὴν
505 1400 584 1436 τοῦ
611 1394 802 1446 πολέμου
831 1397 971 1448 ζητεῖν
998 1395 1111 1444 ὅπως
1139 1394 1209 1448 ἴση
1236 1394 1307 1435 καὶ
1334 1395 1479 1436 δικαία
1504 1410 1573 1448 γε-

224 1467 413 1520 νήσεται,
433 1466 838 1520 παρασκευάζεσθαι
859 1462 896 1506 δ’
923 1465 948 1506 ἃ
968 1467 1175 1519 προσήκει
1195 1465 1336 1507 πάντα
1354 1465 1426 1507 καὶ
1440 1463 1569 1507 τοῦθ’

178 1548 198 1577 4
224 1534 499 1578 ὑποκεῖσθαι.
549 1536 738 1590 ἡγοῦμαι
764 1536 847 1590 γὰρ
875 1533 907 1577 ὦ
935 1536 1090 1590 ἄνδρες
1110 1533 1331 1590 Ἀθηναῖοι
1357 1538 1459 1585 τοὺς
1476 1533 1573 1578 ’Ἐλ-
1593 1553 1627 1578 20
1681 1563 1687 1587 ᾗ

226 1611 370 1661 ληνας,
397 1608 432 1648 εἰ
459 1607 540 1659 μὲν
566 1605 743 1661 ἐναργές
769 1623 810 1648 τι
830 1608 1026 1661 γίγνοιτο
1047 1607 1117 1648 καὶ
1138 1607 1272 1661 σαφὲς
1293 1607 1349 1657 ὡς
1369 1609 1574 1661 βασιλεὺς

226 1678 373 1727 αὐτοῖς
413 1676 630 1733 ἐπιχειρεῖ,
668 1677 750 1719 κᾶν
793 1684 1067 1732 συμμαχῆσαι
1108 1678 1179 1719 καὶ
1219 1678 1348 1733 χάριν
1382 1678 1574 1732 μεγάλην

225 1747 340 1805 ἔχειν
375 1756 464 1798 τοῖς
500 1750 584 1801 πρὸ
620 1749 767 1790 αὐτῶν
801 1749 872 1790 καὶ
906 1746 994 1801 μετ’
1036 1749 1181 1790 αὐτῶν
1213 1747 1382 1791 ἐκεῖνον
1413 1748 1574 1802 ἀμυνο-

226 1820 389 1872 μένοις·
448 1822 484 1862 εῑ
524 1818 560 1861 δ’
605 1817 661 1861 ἔτ’
713 1819 877 1874 ἀδήλου
915 1820 1074 1861 τούτου
1113 1821 1432 1874 καθεστηκότος
1469 1834 1574 1874 προ-

226 1888 553 1946 απεχθησόμεθ’
588 1891 719 1945 ἡμεῖς,
752 1888 858 1932 δέδι’
891 1888 923 1932 ὦ
951 1891 1106 1943 ἄνδρες
1124 1888 1361 1946 Ἀθηναῖοι,
1392 1891 1449 1946 μὴ
1475 1891 1573 1933 τού-
1595 1908 1628 1934 25
1674 1919 1687 1943 53

226 1978 315 2011 τοις
342 1959 430 2015 μετ’
457 1960 626 2004 ἐκείνου
648 1966 853 2014 πολεμεῖν
873 1962 1234 2017 ἀναγκασθῶμεν,
1258 1959 1367 2015 ὑπὲρ
1389 1958 1451 2004 ὧν
1470 1976 1575 2016 προ-

179 2045 198 2074 5
225 2033 463 2085 νοούμεθα.
520 2032 542 2074 ὁ
587 2033 667 2085 μὲν
704 2034 786 2087 γὰρ
833 2032 1022 2088 ἐπισχὼν
1065 2030 1127 2074 ὧν
1167 2033 1384 2087 ὥρμηκεν,
1428 2034 1464 2075 εἰ
1503 2031 1569 2086 ἄρ’

227 2102 439 2159 ἐγχειρεῖν
464 2101 627 2158 ἔγνωκε
652 2111 741 2153 τοῖς
759 2102 950 2158 “Έλλησι,
981 2106 1175 2158 χρήματα
1202 2104 1332 2146 δώσει
1357 2104 1473 2146 τισὶν
1498 2104 1576 2145 αὐ-

226 2182 314 2216 τῶν
339 2174 410 2216 καὶ
438 2176 591 2229 φιλίαν
618 2182 902 2229 προτενεῖται,
928 2176 968 2217 οἱ
996 2176 1044 2217 δὲ
1069 2177 1170 2225 τοὺς
1198 2176 1337 2225 ἰδίους
1359 2174 1574 2228 πολέμους

227 2244 536 2300 ἐπανορθῶσαι
568 2248 831 2300 βουλόμενοι
865 2247 936 2288 καὶ
967 2252 1127 2288 τοῦτον
1156 2247 1235 2288 τὸν
1265 2252 1377 2288 νοῦν
1401 2243 1572 2301 ἔχοντες
1593 2263 1628 2288 30
1669 2275 1681 2299 :1
