1689 2531
214 74 298 115 120
696 76 1070 110 ΔΗΜΟΣΘΕΝΟΤΣ
1517 79 1558 123 [x

209 168 524 223 ὑπολειπόμεθ’
562 168 594 212 ὦ
628 172 785 226 ἄνδρες
811 168 1046 227 Ἀθηναῖοι,
1072 170 1163 214 ἀλλ’
1196 170 1289 214 οὐδ’
1321 172 1558 229 ἀνεγερθῆ-

208 258 282 283 ναι
321 242 564 297 δυνάμεθα,
590 241 700 284 ἀλλὰ
725 243 1039 298 μανδραγόραν
1064 245 1314 286 πεπωκόσιν
1339 245 1366 298 ἥ
1385 261 1427 287 τι
1447 245 1558 300 φάρ-
1579 248 1654 283 133

209 329 349 366 μακον
384 314 490 355 ἄλλο
531 319 735 356 τοιοῦτον
771 312 972 367 ἐοίκαμεν
1012 313 1284 369 ἀνθρώποις·
1323 311 1397 358 εἴτ’
1438 311 1558 369 οἶμαι

210 386 296 429 (δεῖ
321 384 417 439 γάρ,
443 385 499 434 ὡς
527 383 610 439 ἐγὼ
636 386 785 440 κρίνω,
811 385 955 439 λέγειν
974 384 1163 442 τάληθῆ)
1191 386 1304 428 οὕτω
1326 387 1556 442 διαβεβλή-

208 460 324 508 μεθα
344 456 416 497 καὶ
435 454 848 510 καταπεφρονήμεθ’
870 455 915 498 ἐκ
936 457 1118 512 τούτων,
1138 457 1248 499 ὥστε
1267 465 1357 500 τῶν
1377 456 1425 500 ἐν
1445 458 1562 516 αὐτῷ
1575 475 1591 501 5

207 532 266 585 τῷ
292 528 573 569 κινδυνεύει-ν
605 528 747 569 ὄντων
779 528 820 569 οὶ
852 528 932 580 μὲν
957 528 1068 583 ὑπὲρ
1094 534 1168 582 τῆς
1194 529 1426 583 ἡγεμονίας
1451 530 1556 584 ἡμῖν

206 598 527 654 ἀντιλέγουσιν,
552 600 593 640 οἱ
621 596 658 640 δ’
684 598 794 652 ὑπὲρ
821 605 900 641 τοῦ
920 605 1006 641 ποῦ
1028 600 1416 655 συνεδρεύσουσιν,
1440 601 1555 651 τινὲς

207 670 254 712 δὲ
285 668 386 711 καθ’
413 669 573 719 αὑτοὺς
606 669 855 722 ἀμύνεσθαι
887 673 1054 722 μᾶλλον
1085 670 1110 724 ἢ
1143 668 1242 723 μεθ’
1273 672 1396 725 ἡμῶν
1422 669 1555 726 ἐγνώ-

205 752 344 783 κασιν.

160 825 177 854 7
271 815 358 854 Τοῦ
391 813 519 867 χάριν
551 813 604 867 δὴ
638 819 774 854 ταῦτα
807 812 915 867 λέγω
949 813 1020 854 καὶ
1047 812 1336 868 διεξέρχομαι;
1372 813 1444 869 (οὐ
1471 815 1553 869 γὰρ
1575 832 1608 855 ιο

90 871 140 897 ΠΙ
152 873 183 898 ²¹
205 882 539 938 ἀπεχθάνεσθαι
565 885 624 937 μὰ
643 885 721 926 τὸν
741 886 831 926 Δία
851 884 922 925 καὶ
942 884 1106 933 πάντας
1127 886 1228 934 τοὺς
1248 886 1383 934 θεοὺς
1402 899 1554 939 προαι-

205 954 401 1011 ροῦμαι·)
440 953 495 997 ἵν’
528 955 652 1008 ὑμῶν
690 954 868 1005 ἕκαστος
913 952 945 996 ὦ
985 956 1142 1005 ἄνδρες
1168 953 1390 1010 Ἀθηναῖοι
1424 962 1554 998 τοῦτο

202 1032 293 1083 γνῷ
313 1027 385 1068 καὶ
411 1027 496 1084 ἴδῃ,
529 1028 594 1069 ὅτι
625 1027 651 1081 ἡ
685 1024 785 1068 καθ’
817 1026 983 1081 ἡμέραν
1016 1027 1214 1084 ῥᾳστώνη
1248 1027 1319 1068 καὶ
1345 1026 1554 1084 ῥᾳθυμία,

202 1099 346 1152 ὥσπερ
380 1105 470 1147 τοῖς
504 1099 632 1148 ἰδίοις
664 1099 777 1152 βίοις
810 1098 922 1140 οὕτω
950 1098 1021 1139 καὶ
1047 1105 1140 1148 ταῖς
1166 1099 1348 1139 πόλεσιν
1374 1097 1454 1140 οὐκ
1481 1096 1548 1153 ἐφ’

202 1169 385 1211 ἑκάστου
418 1177 523 1230 τῶν.
539 1169 848 1222 ἀμελουμένων
879 1176 996 1211 ποιεῖ
1025 1169 1106 1224 τὴν
1138 1169 1349 1223 αἴσθησιν
1376 1169 1554 1224 εὐθέως,
1574 1187 1606 1213 15

153 1253 173 1284 8
201 1239 292 1283 ἀλλ’
332 1239 401 1282 ἐπὶ
437 1246 496 1298 τῷ
524 1242 747 1297 κεφαλαίῳ
782 1247 871 1282 τῶν
908 1241 1175 1295 πραγμάτων
1206 1240 1387 1298 ἀπαντᾷ.
1425 1241 1553 1295 ὁρᾶτε

200 1311 393 1367 Σέρριον
425 1312 496 1353 καὶ
523 1313 755 1366 Δορίσκον
781 1311 936 1367 (ταῦτα
967 1312 1048 1366 γὰρ
1082 1319 1256 1367 πρῶτον
1289 1312 1551 1367 ὠλιγωρήθη

199 1384 305 1436 μετὰ
330 1384 411 1438 τὴν
437 1382 650 1438 εἰρήνην),
681 1383 707 1425 ἃ
733 1386 910 1432 πολλοῖς
941 1381 1065 1436 ὑμῶν
1091 1383 1196 1425 οὐδὲ
1220 1380 1402 1438 γνώριμ’
1433 1382 1552 1425 ἐστὶν

200 1455 314 1504 ἴσως.
353 1461 489 1496 ταῦτα
515 1454 664 1507 μέντοι
695 1452 781 1496 τότ’
815 1453 1003 1496 ἐαθέντα
1034 1455 1103 1496 καὶ
1132 1452 1405 1509 παροφθέντ’
1437 1453 1552 1496 ἀπώ-

201 1530 298 1568 λεσε
328 1523 505 1583 Θρᾴκην
537 1526 608 1567 καὶ
641 1525 995 1580 Κερσοβλέπτην,
1027 1526 1254 1580 σύμμαχον
1286 1523 1386 1567 ὄνθ’
1417 1523 1551 1578 ὑμῶν.
1572 1542 1606 1568 20

199 1597 333 1639 πάλιν
352 1595 471 1639 ταῦτ’
498 1595 754 1650 ἀμελούμεν’
776 1597 885 1639 ἰδὼν
905 1597 976 1638 καὶ
997 1596 1201 1649 οὐδεμιᾶς
1221 1598 1431 1651 βοηθείας
1450 1613 1552 1651 τυγ-

199 1668 390 1723 χάνοντα
416 1667 515 1723 παρ’
541 1666 662 1721 ὑμῶν
687 1668 952 1710 κατέσκαπτε
976 1668 1197 1723 Πορθμὸν
1222 1668 1294 1709 καὶ
1318 1667 1545 1722 τυραννίδ’

201 1739 550 1794 ἀπαντικρὺ-τῆς
572 1737 756 1794 Ἀττικῆς
790 1737 1054 1794 ἐπετείχισεν
1085 1739 1191 1792 ὑμῖν
1218 1737 1266 1780 ἐν
1291 1745 1342 1795 τῇ
1368 1738 1550 1796 Εὐβοία.

154 1823 172 1853 9
200 1811 358 1865 ταύτης
385 1811 736 1866 ὀλιγωρουμένης
757 1808 927 1865 [Μέγαρ’
954 1809 1064 1852 ἑάλω
1088 1811 1206 1864 παρὰ
1225 1811 1393 1864 μικρόν.
1419 1810 1552 1852 οὐδὲν

201 1880 477 1936 ἐφροντίσατ’
511 1880 604 1924 οὐδ’
637 1879 923 1937 ἐπεστράφητ’
956 1881 1089 1924 οὐδὲν
1120 1882 1302 1936 τούτων,
1334 1880 1425 1923 οὐδ’
1460 1880 1549 1923 ἐνε-
1570 1898 1603 1924 25

201 1952 406 2003 δείξασθε
432 1951 577 2009 τοῦθ’,
604 1954 669 1996 ὅτι
697 1953 777 1995 οὐκ
809 1952 1058 2007 ἐπιτρέψετε
1090 1959 1219 1995 τοῦτο
1252 1959 1396 1994 ποιεῖν
1422 1952 1550 2010 αὐτῷ·

191 2022 433 2079 Ἀντρῶνας
457 2023 634 2079 ἐπρίατο
656 2025 727 2066 καὶ
746 2022 834 2077 μετ’
862 2024 914 2066 οὐ
935 2026 1077 2066 πολὺν
1097 2025 1260 2079 χρόνον
1280 2024 1332 2065 τὰ
1352 2022 1400 2065 ἐν
1414 2021 1556 2081 Ὠρεῷ

131 2108 172 2138 10
199 2096 401 2150 πράγματ
445 2098 626 2151 εἰλήφει.
659 2097 798 2138 πολλὰ
825 2097 872 2138 δὲ
899 2097 970 2138 καὶ
996 2097 1260 2150 παραλείπω,
1291 2094 1445 2150 Φεράς,
1469 2095 1550 2149 τὴν

199 2165 262 2208 ἐπ’
283 2165 542 2221 Ἀμβρακίαν
563 2167 682 2223 ὁδόν,
707 2168 781 2218 τὰς
803 2166 850 2209 ἐν
866 2165 1016 2209 ’Ήλιδι
1038 2167 1221 2221 σφαγάς,
1246 2167 1354 2207 ἄλλα
1373 2167 1525 2220 μυρία·
1569 2182 1602 2208 29

201 2238 252 2280 οὐ
285 2239 368 2293 γὰρ
401 2236 457 2280 ἵν’
490 2237 846 2293 ἐξαριθμήσωμαι
872 2240 974 2288 τοὺς
1000 2237 1316 2292 βεβιασμένους
1347 2237 1419 2279 καὶ
1444 2238 1546 2286 τοὺς
1569 2239 1644 2276 134
