1689 2531
172 109 228 150 50
414 109 787 143 ΔΗΜΟΣΘΕΝΟΤΣ
812 109 938 140 ΚΑΤΑ
963 108 1221 141 ΦΙΛΙΠΠΟΤ
1246 108 1277 140 A
1457 107 1517 153 [IV

172 206 292 255 κότες
328 205 399 246 καὶ
432 205 575 259 λόγων
609 204 803 256 ματαίων
838 201 1178 257 ἀπηλλαγμένοι·
1214 202 1266 244 οὐ
1298 203 1380 257 γὰρ
1415 202 1516 244 ἅττα

172 273 265 318 ποτ’
303 273 423 317 ἔσται
455 276 522 317 δεῖ
553 281 750 329 σκοπεῖν,
781 271 871 315 ἀλλ’
905 274 970 315 ὅτι
997 276 1163 329 φαῦλα,
1194 272 1270 315 ε’ἀν
1304 274 1361 328 μὴ
1387 284 1521 328 προσ-

174 346 295 402 έχητε
320 347 398 388 τὸν
423 353 535 388 νοῦν
560 346 631 387 καὶ
651 346 703 387 τὰ
722 346 998 399 προσήκοντα
1017 351 1161 386 ποιεῖν
1181 342 1368 399 ἐθέλητ’,
1393 341 1441 386 εὖ
1463 345 1521 386 εἰ-

175 417 308 460 δέναι.

103 502 145 534 51
227 486 337 543 Ἐγὼ
364 488 444 541 μὲν
470 485 552 530 οὖν
579 485 667 529 οὔτ’
700 487 852 528 ἄλλοτε
875 486 1047 528 πώποτε
1066 486 1174 540 πρὸς
1193 486 1322 541 χάριν
1342 486 1521 540 εἱλόμην
1540 496 1563 529 5’

176 559 318 614 λέγειν
345 560 366 601 ὅ
393 575 433 601 τι
461 558 515 600 ἂν
540 559 596 613 μὴ
624 557 694 599 καὶ
722 558 946 599 συνοίσειν
977 556 1261 610 πεπεισμένος
1288 554 1334 612 ὦ,
1358 562 1444 598 νῦν
1470 553 1515 598 θ’

175 630 201 672 ἃ
226 623 453 685 γιγνώσᾷεω
475 630 598 671 πάνθ
637 628 793 684 ἁπλῶς,
812 628 945 670 οὐδὲν
964 627 1342 682 ὑποστειλάμενος,
1360 641 1523 681 πεπαρ-

32 704 424 770 ΡὲἭ-ρησίασμαι.
457 700 702 755 ἐβουλόμην
729 698 766 741 δ’
799 700 866 754 ἄν,
890 699 1034 753 ὥσπερ
1065 698 1068 755 Ι
1099 699 1164 741 ὅτι
1183 698 1289 752 ὑμῖν
1310 697 1592 754 συμφέρειῆὅ

176 774 227 814 τὰ
259 770 443 827 βέλτιστ’
481 772 658 814 ἀκούειν
696 767 813 826 οἶδα,
844 770 981 819 οὕτως
1014 770 1177 812 εἰδέναι
1209 776 1420 811 συνοῖσον
1451 768 1523 810 καὶ

175 848 235 901 τῷ
254 844 306 885 τὰ
332 841 516 898 βέλτιστ’
549 844 733 885 εἰπόντι·
766 845 912 899 πολλῷ
932 843 1014 896 γὰρ
1042 840 1096 883 ἂν
1121 842 1249 896 ἥδιον
1276 836 1405 895 εἶχον.
1437 846 1522 882 νῦν
1542 858 1576 883 10

178 912 214 955 δ’
248 912 310 956 ἐπ’
349 914 526 968 ἀδήλοις
559 911 687 956 οὖσιν
718 921 809 963 τοῖς
841 912 924 955 ἀπὸ
957 913 1126 954 τούτων
1153 910 1322 969 ἐμαυτῷ
1341 922 1523 965 γενησο-

178 985 336 1040 μένοις,
362 986 475 1038 ὅμως
502 984 572 1027 ἐπὶ
603 990 661 1042 τῷ
684 986 910 1027 συνοίσειν
934 983 1053 1039 ὑμῖν,
1084 982 1138 1024 ἂν
1164 982 1362 1037 πράξητε,
1387 987 1523 1023 ταῦτα

177 1061 412 1099 πεπεῖσθαι
445 1056 587 1111 λέγειν
614 1057 831 1111 αἱροῦμαι.
869 1053 1000 1112 νικῴη
1027 1052 1064 1096 δ’
1097 1054 1120 1096 ὅ
1151 1069 1192 1095 τι
1218 1059 1353 1095 πᾶσιν
1378 1051 1524 1105 μέλλει

178 1129 412 1170 συνοίσειν.
