1689 2531
229 126 313 166 114
712 126 1088 159 ΔΗΜΟΣΘΕΝΟΤΣ
1519 126 1577 169 [IX

227 224 413 276 λη’λακεν
446 220 491 263 ἐκ
523 228 597 276 τῆς
630 221 770 276 χώρας
806 222 872 270 δὶς
903 222 985 275 ἤδη
1024 221 1322 274 βουλομένους
1355 219 1579 278 σῴζεσθαι,

227 296 307 336 τότε
335 294 405 346 μὲν
430 291 603 349 πέμΙψας
629 295 720 342 τοὺς
741 291 822 346 μετ’
841 295 1073 348 Εὐρυλόχου
1100 294 1250 345 ξένους,
1277 293 1395 334 πάλιν
1422 293 1463 334 δὲ
1488 295 1579 342 τοὺς
1601 296 1677 332 126

227 367 318 418 μετὰ
348 368 641 419 Παρμενίωνος.

288 436 375 477 Καὶ
401 437 445 477 τί
470 436 537 477 δεῖ
561 436 613 476 τὰ
639 435 778 476 πολλὰ
800 434 961 488 λε’γεινς
989 431 1080 476 ἀλλ’
1114 433 1161 475 ἐν
1175 431 1309 491 Ὠρεῷ
1329 435 1581 488 Φιλιστίδης

226 506 306 559 μὲν
332 504 514 560 ἔπραττε
547 507 748 562 Φιλίππῳ
781 506 853 546 καὶ
879 505 1112 555 Me'mmog
1144 506 1215 547 καὶ
1241 506 1478 560 Σωκράτης
1509 506 1580 547 καὶ
1601 525 1616 550 5

231 578 344 627 Θόας
380 578 449 618 καὶ
467 576 709 631 Ἀγαπαῖος,
749 577 871 631 οἵπερ
908 583 993 618 νῦν
1028 575 1176 631 ἔχουσι
1212 578 1292 631 τὴν
1326 578 1457 618 πόλιν
1493 575 1583 633 (καὶ

226 646 344 690 ταῦτ’
380 646 542 706 ᾔδεσαν
569 648 794 703 ἅπαντες),
829 647 1058 702 Εὐφραῖος
1086 648 1137 689 δέ
1160 664 1223 697 τις
1250 648 1486 702 ἄνθρωπος
1511 647 1583 689 καὶ

227 717 326 771 παρ’
359 720 464 773 ἡμῖν
489 716 582 760 ποτ’
611 717 762 760 ἐνθάδ’
796 720 986 773 οἰκήσας,
1012 719 1126 768 ὅπως
1154 717 1382 773 ἐλεύθεροι
1408 719 1480 760 καὶ
1506 735 1584 772 μη-

229 792 354 840 δενὸς
388 791 541 832 δοῦλοι
574 788 761 832 ἔσονται.
806 787 933 839 οὗτος
965 791 1018 831 τὰ
1049 790 1128 843 μὲν
1168 787 1259 832 ἄλλ’
1297 790 1354 839 ὡς
1385 789 1583 845 ὑβρίζετο

226 862 297 903 καὶ
323 859 691 915 προύπηλακίζεθ’
723 861 808 902 ὑπὸ
830 867 908 903 τοῦ
931 862 1084 916 δήμου,
1110 861 1231 903 πόλλ’
1260 860 1314 902 ἂν
1335 861 1400 915 εἴη
1422 861 1584 915 λέγειν·
1605 879 1638 904 10

228 932 412 989 ἐνιαυτῷ
430 933 477 974 δὲ
497 933 714 987 πρότερον
734 939 807 986 τῆς
830 931 1029 982 ἁλώσεως
1051 931 1266 982 ἐνέδειξεν
1287 932 1342 982 ὡς
1363 932 1584 986 προδότην

226 1005 304 1045 τὸν
334 1004 595 1057 Φιλιστίδην
615 1003 686 1044 καὶ
707 1005 808 1053 τοὺς
829 1003 916 1056 μετ’
945 1003 1094 1058 αὐτοῦ,
1120 1004 1385 1056 αἰσθόμενος
1407 1003 1432 1045 ἃ
1452 1003 1585 1058 πράτ-

226 1086 391 1117 τουσιν.
426 1074 749 1129 συστραφέντες
777 1072 813 1116 δ’
848 1075 1079 1128 ἄνθρωποι
1114 1075 1269 1116 πολλοὶ
1296 1075 1367 1116 καὶ
1393 1075 1584 1130 χορηγὸν

227 1144 398 1201 ἔχοντες
441 1147 662 1187 Φίλιππον
705 1146 777 1187 καὶ
823 1147 1199 1200 πρυτανευόμενοι
1245 1145 1462 1200 ἀπάγουσι
1506 1146 1585 1187 τὸν

226 1217 461 1271 Εὐφραῖον
499 1218 558 1266 εἷς
596 1217 644 1258 τὸ
685 1217 1001 1271 δεσμωτήριον,
1034 1217 1090 1266 ὡς
1123 1216 1477 1271 συνταράττοντα
1503 1218 1583 1271 τὴν
1603 1235 1637 1260 15

227 1289 369 1330 πόλιν.
402 1288 519 1342 ὁρῶν
546 1287 593 1328 δὲ
620 1287 750 1329 ταῦθ’
783 1287 805 1329 ὁ
835 1289 967 1342 δῆμος
996 1288 1017 1329 ὁ
1038 1295 1127 1329 τῶν
1143 1287 1363 1342 Ὠρειτῶν,
1388 1287 1485 1329 ἀντὶ
1506 1294 1585 1330 τοῦ

228 1365 286 1417 τῷ
313 1360 393 1412 μὲν
424 1362 630 1413 βοηθεῖν,
662 1360 764 1408 τοὺς
797 1356 834 1400 δ’
874 1358 1248 1413 ἀποτυμπανίσαι,
1282 1367 1373 1408 τοῖς
1400 1358 1480 1411 μὲν
1506 1359 1586 1401 οὐκ

229 1431 445 1485 ὠργίζετο,
482 1432 560 1472 τὸν
588 1430 634 1472 δ’
662 1429 909 1485 ἐπιτήδειον
934 1437 1070 1472 ταῦτα
1095 1434 1259 1472 παθεῖν
1286 1429 1368 1485 ἔφη
1395 1432 1467 1472 καὶ
1494 1429 1587 1472 ἕπε’-

229 1517 390 1557 χαιρεν.
423 1502 529 1555 μετὰ
548 1502 676 1543 ταῦθ’
704 1504 743 1544 οἱ
765 1503 845 1555 μὲν
866 1501 938 1543 ἐπ’
961 1501 1158 1552 ἐξουσίας
1173 1502 1334 1556 ὁπόσης
1348 1499 1581 1556 ἠβούλοντ’

231 1571 445 1627 ἔπραττον
473 1574 586 1622 ὅπως
614 1591 638 1627 η
666 1574 790 1623 πόλις
818 1575 1106 1628 ληφθήσεται,
1132 1573 1203 1615 καὶ
1222 1573 1586 1625 κατεσκευάζοντο
1607 1591 1642 1616 20

230 1645 310 1698 τὴν
342 1643 519 1696 πρᾶξιν·
552 1651 641 1686 τῶν
674 1645 721 1686 δὲ
753 1648 929 1686 πολλῶν
967 1644 1006 1686 εἴ
1030 1660 1094 1694 τις
1120 1644 1336 1699 αἴσθοιτο,
1369 1643 1491 1698 ἐσίγα
1517 1644 1588 1686 καὶ

231 1715 572 1770 κατεπέπληκτο,
616 1717 694 1757 τὸν
732 1715 968 1769 Εὐφραῖον
1007 1709 1063 1757 οἷ’
1106 1713 1273 1757 ἔπαθεν
1311 1714 1587 1769 μεμνημένοι.

233 1786 347 1828 οὕτω
377 1786 413 1827 δ’
447 1786 612 1836 ἀθλίως
641 1786 873 1840 διέκειντο,
898 1784 998 1828 ὥστ’
1031 1786 1083 1828 οὐ
1110 1788 1326 1841 πρότερον
1353 1785 1588 1840 ἐτόλμησεν

232 1857 377 1907 οὐδεὶς
412 1858 616 1899 τοιούτου
653 1864 788 1900 κακοῦ
822 1859 1082 1912 προσιόντος
1115 1857 1240 1912 ῥῆξαι
1277 1860 1449 1912 φωνήν,
1483 1858 1588 1912 πρὶν

233 1929 625 1981 διασκευασάμενοι
657 1929 764 1983 πρὸς
803 1930 855 1970 τὰ
887 1930 1004 1984 τείχη
1040 1935 1268 1984 προσῇσαν
1300 1929 1339 1970 οἱ
1373 1928 1589 1981 πολέμιοι·
1608 1946 1641 1974 25

175 2014 184 2022 ¹
236 2006 474 2054 τηνικαῦτα
490 1999 526 2041 δ’
537 2001 576 2041 οἱ
591 2000 671 2052 μὲν
685 2000 920 2054 ἠμύνοντο,
934 2001 974 2042 οἱ
988 2000 1035 2042 δὲ
1048 1999 1361 2054 προύδίδοσαν.
1376 2006 1449 2054 τῆς
1463 2001 1589 2042 πόλε-
1688 1991 1689 1999 ³

233 2089 288 2122 ως
306 2071 492 2122 δὀὕτως
508 2071 696 2126 ἁλούσης
712 2073 897 2127 αἰσχρῶς
913 2073 983 2113 καὶ
997 2079 1136 2122 κακῶς
1151 2071 1286 2125 οἱμὲν
1300 2072 1483 2126 ἄρχουσι
1497 2071 1567 2112 καὶ
1581 2070 1585 2128 1

231 2149 519 2197 τυραννοῦσι,
553 2146 654 2194 τοὺς
690 2146 786 2186 τότε
822 2142 1033 2201 σῴζοντας
1069 2143 1250 2193 ἑαυτοὺς
1284 2144 1354 2184 καὶ
1387 2144 1466 2185 τὸν
1499 2143 1588 2185 Εὐ·
1610 2150 1680 2186 127

233 2221 396 2269 φραῖον
423 2213 621 2268 ἑτοίμους
648 2215 800 2257 ὁτιοῦν
825 2223 970 2257 ποιεῖν
996 2217 1124 2265 ὄντας
1150 2217 1252 2265 τοὺς
1279 2215 1359 2268 μὲν
1380 2213 1586 2268 ἐκβαλόν-

233 2301 315 2340 τες,
340 2287 441 2335 τοὺς
471 2285 507 2327 δ’
541 2285 887 2341 ἀποκτείναντες,
920 2286 942 2328 ὁ
970 2283 1007 2327 δ’
1039 2286 1269 2341 Εὐιγραΐος
1297 2284 1460 2335 ἐκεῖνος
1487 2284 1587 2326 ἀπέ-
1607 2302 1641 2326 30
