1689 2531
252 118 310 159 60
738 117 1112 151 ΔΗΜΟΣΘΕΝΟΤΣ
1538 117 1598 163 [vx

252 216 317 256 καὶ
338 222 494 268 μισοῦσι
514 214 579 254 καὶ
600 214 907 265 ὑποπτεύουσιν,
927 214 973 254 οὐ
995 214 1073 265 μὴν
1092 211 1391 267 ἁποξφήνασθαι
1411 215 1598 255 δύνανται
1618 216 1669 251 65

253 282 384 320 δίκαια
409 281 590 334 πράττειν
615 280 706 327 τοὺς
726 280 1084 331 Λακεδαιμονίους·
1117 279 1214 331 πρὸς
1235 278 1276 319 δὲ
1295 279 1363 319 τὸν
1386 281 1597 332 Φίλιππον,

252 344 366 398 <ὅτι>
393 345 678 397 διημαρτήκασι
710 344 780 396 μὲν
812 341 866 384 ὧν
892 344 1074 396 ἤλπισαν,
1107 344 1154 383 οὐ
1182 343 1260 395 μὴν
1285 341 1353 383 ὑπ’
1383 344 1532 384 ἐκείνου
1557 342 1593 398 γ’

253 411 375 451 αὐτοῦ
408 412 594 450 δοκοῦσιν
626 410 911 461 ἐξηπατῆσθαι·
947 409 1032 449 οὔτε
1058 409 1131 462 γαρ
1163 413 1247 457 ταῖς
1278 409 1495 458 ἐπιστολαῖς
1520 409 1596 450 ἐνέ-

252 486 406 529 γραψεν
433 475 452 515 ὁ
477 477 673 522 Φίλιππος
699 474 928 528 ἐπαγγελίαν
952 474 1153 525 οὐδεμίαν,
1179 473 1267 514 οὔτε
1294 474 1358 514 διὰ
1383 481 1461 514 τῶν
1487 475 1597 515 ἰδίων
1617 495 1632 520 5
1684 493 1689 519 ε

253 541 452 593 πρέσβεων
472 540 680 592 ἐποιήσατό
701 537 774 579 τιν’
793 540 1014 592 ὑπόσχεσιν,
1035 536 1111 578 ἀλλ’
1130 535 1359 590 Ἀθηναίων
1379 538 1479 587 τινὲς
1497 535 1599 592 ἦσαν

254 607 295 645 οἵ
317 605 384 645 τὸν
411 607 537 657 δῆμον
564 606 617 653 εἰς
643 604 780 644 ἐλπίδα
805 605 1112 655 καταστήσαντες
1138 603 1191 652 ὡς
1220 606 1415 651 Φίλιππος
1439 605 1599 653 Φωκέας

255 671 368 710 σώσει
394 671 459 710 καὶ
485 670 557 721 τὴν
588 672 776 722 Θηβαίων
802 671 918 723 ὕβριν
945 671 1160 709 καταλύσει.
1194 669 1258 708 διὰ
1284 665 1399 709 τοῦθ’
1430 669 1450 709 ὁ
1470 673 1599 722 Δημο-

254 735 402 786 σθένης
428 742 505 774 τῶν
532 735 776 788 ἀποκρίσεων
797 734 988 787 μνησθεὶς
1009 734 1277 787 ἐπαγγέλλεται
1296 733 1366 786 μὲν
1386 734 1505 783 αὐτὰς
1525 736 1598 775 δώ·

253 812 348 851 σειν,
375 799 473 851 φησὶ
495 796 531 838 δ’
557 800 613 839 ὅτι
635 800 788 839 δίκαιον
807 796 858 852 ἦν
878 800 969 846 τοὺς
988 800 1060 851 την
1082 799 1305 852 δυσχέρειαν
1326 800 1598 852 πεποιηκότας,
1620 819 1654 845 10

253 864 425 912 ἐκείνους
457 864 522 904 καὶ
553 865 620 912 τὰς
646 864 868 917 ἀποκρίσεις
895 864 1158 916 ἀπαιτεῖσθαι,
1191 865 1281 912 τοὺς
1314 864 1599 916 ἀπατήσαντας,
1678 849 1689 875 ¹(

253 931 366 981 φησί,
392 930 459 969 τὸν
480 931 607 982 δῆμον
627 929 692 969 καὶ
712 930 943 978 ἀνοίξαντας
966 931 1147 984 Φιλίππῳ
1169 931 1319 978 Πύλας.
1350 937 1471 970 ταῦτα
1491 926 1526 969 δ’
1544 931 1598 978 εἰς

253 995 320 1035 τὸν
348 995 542 1047 Αἰσχίνην
568 996 786 1046 αἰνίττεται,
812 995 1283 1048 προκατασκευαζόμενος,
1315 995 1367 1042 ὥς
1394 1007 1503 1046 φασι,
1527 995 1599 1047 τὴν

252 1057 336 1099 κατ’
367 1061 488 1100 αὐτοῦ
520 1061 758 1113 κατηγορίαν
790 1067 859 1111 τῆς
889 1061 1215 1112 παραπρεσβείας,
1247 1058 1298 1111 ἣν
1330 1061 1492 1113 ’ὕστερον
1517 1059 1597 1099 ε’νε-

254 1126 434 1177 στήσατο,
461 1125 523 1164 καὶ
551 1126 849 1177 προδιαβάλλων
875 1125 995 1165 αὑτὸν
1021 1126 1118 1177 πρὸς
1144 1126 1235 1173 τοὺς
1256 1121 1510 1176 Ἀθηναίους.
1619 1142 1670 1168 15=

315 1203 446 1247 Ὅταν
479 1203 511 1247 ὦ
545 1207 702 1260 ἄνδρες
731 1204 953 1260 Ἀθηναῖοι
986 1207 1109 1260 λόγοι
1141 1207 1378 1260 γίγνωνται
1409 1205 1508 1260 περὶ
1539 1202 1601 1247 ὧν
1679 1205 1689 1230 ¹²

258 1278 473 1327 Φίλιππος
504 1277 682 1332 πράττει
715 1277 787 1318 καὶ
818 1277 1009 1331 βιάζεται
1043 1278 1160 1332 παρὰ
1191 1277 1271 1331 τὴν
1306 1278 1498 1332 εἰρήνην,
1535 1275 1601 1318 ἀεὶ

252 1349 355 1398 τοὺς
381 1348 490 1403 ὑπὲρ
517 1349 640 1402 ἡμῶν
667 1350 823 1402 λόγους
849 1349 921 1389 καὶ
948 1349 1143 1398 δικαίους
1164 1349 1235 1390 καὶ
1258 1348 1601 1404 φιλανθρώπους

253 1419 340 1474 ὁρῶ
368 1419 676 1474 ᾳαινομένους,
701 1420 772 1461 καὶ
799 1419 943 1474 λέγειν
963 1419 1043 1472 μὲν
1064 1420 1255 1469 ἅπαντας
1276 1419 1342 1462 ἀεὶ
1368 1420 1420 1460 τὰ
1446 1418 1600 1461 δέοντα

254 1491 494 1540 δοκοῦντας
531 1492 633 1540 τοὺς
671 1496 1022 1545 κατηγοροῦντας
1059 1491 1300 1544 Φιλίππου,
1336 1490 1599 1543 γιγνόμενον
1619 1509 1653 1534 20
1668 1475 1689 1515 ὣ]

256 1559 293 1603 δ’
326 1561 459 1603 οὐδὲν
494 1562 550 1611 ὡς
584 1559 686 1611 ἔπος
722 1563 860 1603 εἰπεῖν
892 1568 980 1602 τῶν
1016 1562 1221 1615 δεόντων,
1256 1558 1350 1602 οὐδ’
1382 1557 1445 1602 ὧν
1476 1559 1600 1602 ἕνεκα
1668 1561 1689 1586 ”“

253 1630 371 1675 ταῦτ’
398 1632 576 1675 ἀκούειν
599 1632 739 1683 ἄξιον·
766 1631 858 1674 ἀλλ’
876 1631 880 1689 Ι
898 1634 957 1682 εἰς
983 1629 1099 1674 τοῦτ’
1124 1632 1207 1686 ’ἤδη
1227 1631 1479 1686 προηγμένα
1498 1646 1599 1685 τυγ-
1619 1637 1668 1672 66

252 1704 374 1759 χάνει
406 1704 547 1745 πάντα
581 1705 633 1745 τὰ
665 1704 895 1758 πράγματα
927 1710 978 1759 τῇ
1010 1704 1153 1758 πόλει,
1184 1701 1295 1744 ὥσθ’
1327 1704 1414 1760 ὄσςο
1447 1718 1510 1752 τις
1545 1701 1599 1744 ἂν

252 1778 419 1828 μᾶλλον
457 1775 528 1817 καὶ
566 1775 874 1830 φανερώτερον
914 1773 1111 1832 ἐξελέγχῃ
1154 1776 1375 1817 Φίλιππον
1413 1774 1483 1816 καὶ
1520 1774 1599 1828 τὴν

253 1847 360 1901 πρὸς
387 1846 497 1899 ὑμᾶς
521 1847 700 1901 εἰρήνην
720 1847 1050 1900 παραβαίνοντα
1069 1846 1141 1887 καὶ
1160 1851 1266 1887 πᾶσι
1285 1852 1375 1895 τοῖς
1393 1843 1598 1899 ’Ἕλλησιν
1618 1864 1650 1889 25

255 1916 610 1971 ἐπιβουλεύοντα,
635 1918 829 1972 τοσούτῳ
856 1917 904 1958 τὸ
931 1918 975 1958 τί
998 1917 1078 1971 χρὴ
1105 1923 1248 1958 ποιεῖν
1275 1919 1598 1970 συμβουλεῦσαι
1680 1917 1689 1941 ²³

253 1989 566 2044 χαλεπώτερον.
611 1988 753 2030 αἴτιον
786 1989 834 2030 δὲ
866 1989 1046 2042 τούτων,
1079 1988 1145 2029 ὅτι
1178 1987 1342 2037 πάντας
1379 1985 1411 2029 ὦ
1445 1987 1598 2042 ἄνδρες

255 2058 480 2114 Ἀθηναῖοι
505 2061 608 2109 τοὺς
633 2062 911 2101 πλεονεκτεῖν
937 2062 1170 2114 ζητοῦντας
1190 2057 1303 2115 ἔργῳ
1324 2058 1510 2100 κωλύειν
1528 2057 1598 2099 καὶ

252 2131 474 2186 πράξεσιν,
507 2130 604 2186 οὐχὶ
638 2132 784 2184 λόγοις
817 2130 932 2185 δέον,
963 2137 1138 2185 πρῶτον
1169 2130 1249 2182 μὲν
1278 2131 1399 2184 ἡμεῖς
1426 2130 1466 2171 οῑ
1492 2142 1597 2182 παρ-

253 2203 393 2251 ιόντες
419 2202 589 2243 τούτων
614 2201 694 2254 μὲν
720 2200 968 2256 ἀφέσταμεν
999 2201 1070 2243 καὶ
1095 2201 1285 2255 γράφειν
1310 2201 1381 2242 καὶ
1409 2201 1597 2253 συμβου-
1618 2200 1667 2241 ω’

254 2273 412 2326 λεύειν,
444 2274 526 2327 τὴν
557 2273 664 2327 πρὸς
696 2272 806 2325 ὑμᾶς
840 2271 1080 2326 ἀπέχθειαν
1107 2271 1358 2326 ὀκνοῦντες,
1390 2265 1460 2312 οἷα
1484 2275 1598 2312 ποιεῖ
1681 2272 1689 2297 ³
