1689 2531
163 434 207 465 68

164 861 206 892 69

165 1146 207 1176 70

167 1716 207 1747 71

169 2287 212 2317 72

237 112 319 153 116
719 110 1095 145 ΔΗΜΟΣΘΕΝΟΥΣ
1526 111 1585 155 [xx

232 209 370 262 μηδὲν
390 205 452 249 ὧν
472 209 680 262 προσήκει
700 215 844 249 ποιεῖν
864 205 1112 261 ἐθέλοντας,
1131 205 1241 247 ἀλλὰ
1260 212 1349 248 τῶν
1366 205 1477 261 ὑπὲρ
1497 212 1585 247 τῶν

234 278 409 334 ἐχθρῶν
448 280 668 333 λεγόντων
706 277 1030 332 ἀκροωμένους,
1074 277 1338 331 τηλικαύτην
1380 277 1587 331 ἡγεῖσθαι

232 352 364 392 πόλιν
397 351 533 392 οἰκεῖν
560 350 608 392 τὸ
635 349 821 403 μέγεθος
847 349 958 390 ὥστε
983 348 1195 402 <μηδέν>,
1220 349 1326 402 μηδ’
1356 347 1410 390 ἂν
1437 347 1588 389 ὁτιοῦν

233 417 280 480 ᾗ,
308 422 458 463 δεινὸν
477 423 722 463 πείσεσθαι.
754 421 825 462 καὶ
845 421 932 475 μὴν
953 419 1093 462 ἐκεῖνό
1113 420 1160 474 γ’
1183 421 1378 475 αἰσχρόν,
1403 419 1590 474 ὕστερόν

232 492 326 535 ποτ’
365 494 522 534 εἰπεῖν·
548 494 636 547 ,,τίς
668 492 750 546 γὰρ
779 491 833 533 ἂν
860 491 982 549 ᾠήθη
1009 497 1145 532 ταῦτα
1170 490 1398 545 γενέσθαι,
1430 491 1484 545 νὴ
1510 491 1590 532 τὸν
1609 508 1625 534 5

233 563 328 618 Δί’,
363 562 451 605 ἔδει
492 564 574 618 γὰρ
607 564 656 605 τὸ
694 563 766 604 καὶ
804 564 852 604 τὸ
886 568 1063 616 ποιῆσαι
1096 562 1167 603 καὶ
1199 562 1247 604 τὸ
1286 562 1342 616 μὴ
1375 561 1590 615 ποιῆσαι.“

233 635 354 678 πόλλι
389 635 443 676 ἂν
471 637 609 676 εἰπεῖν
635 632 776 689 ἔχοιεν
804 634 1033 676 Ὀλύνθιοι
1059 639 1163 688 νῦν,
1195 633 1221 675 ἃ
1252 633 1347 674 τότ’
1381 634 1418 674 εἰ
1444 633 1590 686 προεί-

234 708 379 761 δοντο,
405 706 485 748 οὐκ
512 705 566 747 ἂν
593 705 838 747 ἀπώλοντο·
864 704 996 747 πόλλ’
1022 704 1077 746 ἂν
1097 704 1305 758 Ὠρεῖται,
1330 704 1470 745 πολλὰ
1493 707 1589 745 Φω-

233 786 340 832 κεῖς,
372 778 511 819 πολλὰ
543 784 631 818 τῶν
664 776 956 818 ἀπολωλότων
988 775 1173 818 ἕκαστοι.
1218 775 1328 817 ἀλλὰ
1352 777 1397 817 τί
1419 776 1589 817 τούτων

234 851 393 903 ὄφελος
420 848 586 898 αὐτοΐςς
614 847 692 897 ἕως
720 847 774 889 ἂν
801 845 980 905 σῴζηται
1007 848 1055 889 τὸ
1084 847 1268 902 σκάφος,
1294 847 1349 888 ἄν
1374 861 1420 888 τε
1445 849 1590 899 μεῖζον
1611 863 1644 889 10

236 921 290 961 ἄν
322 921 366 961 τ’
399 918 580 961 ἔλαττον
606 914 652 977 ᾗ,
683 921 779 960 τότε
811 920 892 974 χρὴ
927 919 999 960 καὶ
1025 919 1192 972 ναύτην
1218 918 1290 959 καὶ
1315 919 1590 972 κυβερνήτην

234 992 306 1033 καὶ
337 988 462 1033 πάντ’
500 988 623 1044 ἄνδρ’
663 989 758 1043 ἑξῆς
791 990 1050 1044 προθύμους
1078 985 1209 1043 εἶναι,
1240 989 1312 1030 καὶ
1339 989 1454 1039 ὅπως
1479 988 1586 1042 μήθ’

236 1062 347 1105 ἑκὼν
384 1061 478 1116 μήτ’
521 1063 639 1103 ἄκων
670 1062 819 1116 μηδεὶς
858 1060 1109 1115 ἀνατρέψει,
1147 1066 1276 1102 τοῦτο
1311 1064 1590 1101 σκοπεῖσθαι·

1251 1132 1260 1146 θ

235 1133 413 1176 ἐπειδὰν
447 1130 483 1175 δ’
522 1134 546 1187 ἡ
581 1132 777 1174 θάλαττα
802 1131 1010 1189 ὑπέρσχῃ,
1036 1132 1213 1185 μάταιος
1240 1148 1265 1186 η
1294 1131 1475 1185 σπουδή.
1519 1131 1591 1172 καὶ

234 1206 354 1260 ἡμεῖς
386 1205 540 1247 τοίνυν
573 1201 605 1245 ὦ
633 1204 788 1258 ἄνδρες
805 1201 1045 1257 Ἀθηναῖοι,
1071 1202 1149 1252 ἕως
1171 1202 1301 1255 ἐσμὲν
1322 1207 1437 1260 σῷοι,
1460 1203 1591 1244 πόλιν
1612 1218 1644 1244 15

234 1277 444 1330 μεγίστην
471 1273 655 1330 ἔχοντες,
681 1274 880 1329 ἀφορμὰς
907 1276 1130 1328 πλείστας,
1156 1273 1320 1327 ἀξίωμα
1345 1273 1591 1327 κάλλιστον,

234 1349 278 1389 τί
303 1354 513 1400 ποιῶμεν;
541 1346 673 1388 πάλαι
699 1362 763 1396 τις
790 1345 926 1400 ἡδέως
954 1344 1008 1387 ἂν
1029 1345 1130 1394 ἴσως
1153 1343 1371 1399 ἐρωτήσας
1390 1344 1591 1399 κάθηται.

237 1418 319 1473 ἐγὼ
347 1419 401 1473 νὴ
428 1417 500 1460 Δί’
540 1416 636 1472 ἐρῶ,
654 1416 655 1464 ᾗ
674 1417 745 1458 καὶ
771 1417 924 1471 γράψω
953 1416 1014 1471 δέ,
1040 1416 1140 1457 ὥστ’
1173 1416 1227 1457 ἂν
1253 1416 1480 1470 βούλησθε
1504 1430 1589 1470 χει-
1611 1418 1686 1454 129

236 1492 506 1545 ροτονήσετε.
540 1489 665 1530 αὐτοὶ
691 1495 866 1542 πρῶτον
893 1487 1160 1540 ἀμυνόμενοι
1181 1488 1252 1528 καὶ
1271 1487 1592 1541 παρασκευαζό-

235 1578 379 1615 μενοι,
410 1562 605 1615 τριήρεσι
637 1560 708 1601 καὶ
734 1561 921 1615 χρήμασι
953 1559 1024 1601 καὶ
1051 1558 1331 1612 στρατιώταις
1359 1557 1468 1612 λέγω
1503 1556 1592 1614 (καὶ
1613 1575 1646 1601 20

235 1635 318 1688 γὰρ
348 1632 402 1675 ἂν
430 1633 615 1682 ἅπαντες
643 1632 783 1685 δήπου
818 1631 1048 1672 δουλεύειν
1075 1631 1418 1684 συγχωρήσωσιν
1444 1629 1485 1671 οἱ
1518 1629 1592 1670 ἄλ-

238 1707 319 1759 λοι,
348 1705 449 1758 ἡμῖν
470 1703 514 1758 γ’
538 1703 648 1757 ὑπὲρ
675 1709 749 1756 τῆς
776 1701 1030 1756 ἐλευθερίας
1057 1699 1358 1756 ἀγωνιστέον),
1381 1706 1517 1742 ταῦτα
1538 1700 1591 1754 δὴ

237 1775 372 1817 πάντ’
412 1774 537 1816 αὐτοὶ
573 1772 974 1829 παρεσκευασμένοι
1018 1773 1089 1814 καὶ
1126 1773 1384 1826 ποιήσαντες
1424 1771 1593 1825 φανερὰ

236 1848 339 1896 τοὺς
367 1847 526 1895 ἄλλους
552 1846 635 1900 ἤδη
662 1848 992 1899 παρακαλῶμεν,
1017 1844 1088 1885 καὶ
1114 1845 1216 1893 τοὺς
1237 1848 1372 1884 ταῦτα
1393 1840 1594 1892 διδάξον-

236 1934 311 1967 τας
340 1916 622 1970 ἐκπέμπωμεν
648 1917 851 1971 πρέσβεις
876 1921 1078 1969 πανταχοῖ,
1110 1917 1164 1964 εἰς
1190 1916 1513 1967 Πελοπόννησον,
1539 1915 1594 1962 εἰς
1612 1929 1646 1956 25

233 1988 379 2039 Ῥόδον,
405 1993 460 2038 εἰς
480 1992 594 2038 Χίον,
622 1989 673 2037 ὡς
694 1989 854 2042 βασιλέα
874 1989 970 2042 λέγω
993 1986 1190 2041 (οὐδὲγὰρ
1205 1994 1282 2027 τῶν
1296 1987 1430 2043 ἐκείνῳ
1445 1999 1595 2038 συμφε-

237 2064 386 2116 ρόντων
411 2062 628 2113 ἀφέστηκεν
642 2062 683 2101 τὸ
699 2062 750 2113 μὴ
774 2067 913 2100 τοῦτον
937 2060 1046 2100 ἐᾶσαι
1068 2059 1195 2098 πάντα
1217 2053 1595 2111 καταστρέψασθαι),

238 2132 296 2173 ἵν’
309 2131 363 2173 ἂν
383 2131 462 2184 μὲν
482 2132 669 2185 πείσητε,
695 2131 937 2179 κοινωνοὺς
958 2127 1080 2184 ἔχητε
1100 2128 1171 2170 καὶ
1186 2135 1274 2169 τῶν
1287 2127 1511 2169 κινδύνων
1523 2126 1596 2168 καὶ

238 2211 327 2244 τῶν
349 2202 658 2257 ἀναλωμάτων,
678 2203 733 2243 ἄν
757 2217 799 2243 τι
821 2200 909 2258 δέῃ,
931 2202 966 2242 εἰ
986 2200 1034 2241 δὲ
1054 2201 1123 2254 μή,
1137 2200 1324 2254 χρόνους
1337 2195 1376 2252 γ’
1395 2196 1596 2252 ἐμποιῆτε

239 2282 330 2323 τοῖς
359 2274 623 2327 πράγμασιν.
663 2272 809 2327 ἐπειδὴ
839 2273 922 2326 γάρ
957 2270 1076 2313 ἐστιν
1098 2271 1206 2323 πρὸς
1233 2270 1374 2324 ἄνδρα
1399 2269 1471 2311 καὶ
1497 2268 1595 2323 οὐχὶ
1615 2285 1650 2310 30
