1689 2531
103 470 144 499 12

101 825 142 855 13

29 966 147 998 11‘20sq.

101 1322 143 1352 14

102 1962 143 1991 15

67 2010 143 2035 Περ

57 2046 142 2080 (1v4)

177 76 260 118 140
670 78 1024 115 ΑΝΑΞΙΜΕΝΟΥΣ
1464 83 1522 127 [xx

173 173 244 214 καὶ
270 173 399 228 χωρὶς
426 173 516 229 ἰδίᾳ
541 173 619 215 τὸν
645 174 810 228 τρόπον
834 174 913 216 τὸν
938 181 1016 216 τοῦ
1041 175 1252 229 βασιλέως
1285 178 1524 231 φοβεῖσθαι

174 243 458 297 συμβέβηκεν.
502 241 565 285 ἔτι
604 244 652 285 δὲ
689 251 777 285 τῶν
814 244 895 297 μὲν
932 248 1107 288 πολλῶν
1143 245 1219 288 ε’ὰν
1250 246 1417 305 ἁμάρτῃ
1447 264 1525 304 τις,

173 316 320 369 ζημίας
346 315 453 356 κατὰ
478 314 559 369 τὴν
585 313 710 365 ἀξίαν
736 315 934 370 εἴληφεν·
966 317 1006 358 οἱ
1034 314 1072 358 δ’
1098 318 1204 359 ὅταν
1222 317 1408 371 μάλιστα
1425 335 1525 361 κατ-

174 385 455 439 ορθώσωσιν,
491 387 588 427 τότε
619 385 804 438 μάλιστα
837 388 1163 441 σκορακίζονται
1197 389 1269 430 καὶ
1303 393 1525 444 προπηλα-

171 458 361 507 κίζονται
386 457 503 508 παρὰ
527 457 576 498 τὸ
602 463 836 511 προσῆκον.
874 458 946 500 καὶ
976 458 1147 508 τούτοις
1179 457 1272 501 οὐδ’
1305 458 1360 501 ἂν
1385 454 1446 510 εἷς
1472 457 1520 502 εὖ
1540 477 1557 504 5

173 534 354 582 φρονῶν
385 526 681 581 ἀπιστήσειεν·
713 528 826 570 οὕτω
862 529 944 583 γὰρ
979 530 1212 584 φιλότιμον
1243 530 1380 572 αὐτὸν
1411 527 1526 573 εἶναί

172 609 309 652 φασιν
330 599 369 640 οἱ
392 599 797 654 συνδιατρίψαντες,
821 600 932 642 ὥστε
951 601 1225 654 βουλόμενον
1244 602 1296 642 τὰ
1316 601 1524 644 κάλλιστα

170 676 258 711 τῶν
290 667 431 724 ἔργων
463 668 596 711 πάνθ’
629 671 764 712 αὑτοῦ
799 671 946 712 δοκεῖν
973 667 1085 713 εἶναι
1111 675 1277 724 μᾶλλον
1303 672 1524 727 ἄχθεσθαι

170 747 258 782 τῶν
285 748 538 795 στρατηγῶν
564 741 635 783 καὶ
661 749 749 783 τῶν
774 743 1002 796 ἡγεμόνων
1027 751 1116 792 τοῖς
1137 742 1261 793 ἄξιον
1281 741 1462 786 ἐπαίνου
1482 760 1524 786 τι

170 810 386 866 πράξασιν
411 811 436 865 ἢ
463 818 552 861 τοῖς
580 812 688 861 ὅλως
710 811 1018 867 ἀποτυχοῦσιν.
1050 820 1138 862 πῶς
1165 810 1260 868 οὗν,
1286 814 1405 869 εἴπερ
1433 813 1524 857 ἐστὶ
1545 833 1578 857 10

169 888 305 924 ταῦτα
331 889 522 937 τοιαῦτα,
547 890 708 932 πιστῶς
734 884 816 938 ἤδη
843 885 985 925 πολὺν
1011 885 1173 938 χρόνον
1199 885 1316 942 αὐτῷ
1335 885 1524 941 παραμέ-

170 964 346 1008 νουσιν,
385 954 450 995 ὅτι
482 960 568 995 νῦν
599 954 679 1006 μὲν
712 951 744 995 ὦ
771 955 928 1009 ἄνδρες
946 953 1171 1009 Ἀθηναῖοι
1196 956 1245 997 τὸ
1271 960 1524 1010 κατορθοῦν

170 1023 306 1066 αὐτὸν
339 1023 557 1067 ἐπισκοτεῖ
587 1031 693 1066 πᾶσι
724 1032 814 1075 τοῖς
846 1026 1079 1076 τοιούτοις·
1117 1027 1160 1068 αἱ
1186 1027 1269 1081 γὰρ
1297 1026 1524 1083 εὐπραξίαι

170 1096 312 1137 δειναὶ
344 1097 594 1151 συγκρύψαι
626 1097 697 1138 καὶ
730 1096 962 1138 συσκιάσαι
994 1097 1069 1147 τὰς
1102 1096 1310 1151 ἁμαρτίας
1335 1105 1424 1140 τῶν
1449 1098 1523 1140 ἀν-

169 1167 365 1218 θρώπων
391 1169 521 1209 εἰσίν·
560 1169 596 1210 εἰ
630 1167 681 1209 δέ
710 1184 749 1209 τι
776 1169 960 1222 πταίσει,
992 1165 1077 1210 τότ’
1105 1168 1292 1223 ἀκριβῶς
1320 1170 1524 1211 διακαλυ-
1545 1187 1578 1213 15

171 1240 390 1292 φθήσεται
411 1245 545 1280 ταῦτα
566 1239 719 1280 πάντα.
744 1241 974 1292 συμβαίνει
995 1240 1076 1294 γὰρ
1100 1240 1242 1293 ὥσπερ
1265 1238 1312 1281 ἐν
1331 1247 1421 1290 τοῖς
1442 1241 1524 1282 σώ-

169 1320 302 1362 μασιν
328 1310 468 1364 ἡμῶν·
496 1311 600 1352 ὅταν
626 1310 705 1362 μὲν
732 1309 974 1365 ἐρρωμένος
1001 1305 1027 1369 ᾗ
1052 1327 1128 1365 τις,
1154 1311 1287 1352 οὐδὲν
1313 1309 1522 1354 ἐπαισθά-

168 1396 289 1422 νεται
327 1389 415 1422 τῶν
453 1380 554 1422 καθ’
592 1380 749 1422 ἕκαστα
789 1385 989 1436 σαθρῶν,
1028 1380 1136 1423 ἐπὰν
1174 1379 1211 1423 δ’
1250 1381 1521 1440 ἀρρωστήσῃ,

168 1452 310 1493 πάντα
330 1459 525 1506 κινεῖται,
550 1451 651 1506 κᾶν)
672 1452 814 1507 ῥῆγμα
834 1451 916 1494 κᾶν
937 1452 1128 1506 στρέμμα
1148 1451 1229 1494 κᾶν
1250 1453 1354 1494 ἄλλο
1375 1469 1417 1495 τι
1435 1461 1524 1496 τῶν
1545 1458 1619 1493 156

169 1523 457 1578 ὑπαρχόντων
482 1518 508 1581 ᾗ
534 1524 590 1577 μὴ
617 1523 770 1573 τελέως
798 1524 1012 1577 ὑγιεινόν·
1044 1524 1157 1565 οὕτω
1190 1524 1260 1565 καὶ
1287 1531 1374 1566 τῶν
1399 1526 1522 1578 βασι-
1543 1542 1577 1568 20

171 1598 300 1636 λειῶν
325 1595 396 1635 καὶ
424 1593 604 1636 ἁπασῶν
636 1602 724 1636 τῶν
750 1595 1034 1649 δυναστειῶν,
1066 1593 1145 1644 ἕως
1170 1595 1250 1647 μὲν
1277 1594 1331 1637 ἂν
1359 1594 1407 1637 ἐν
1432 1602 1523 1646 τοῖς

169 1665 372 1718 πολέμοις
400 1670 691 1720 κατορθῶσιν,
717 1665 864 1720 ἀφανῆ
891 1666 943 1707 τὰ
970 1666 1078 1707 κακά
1105 1664 1195 1707 ἐστι
1221 1673 1311 1716 τοῖς
1331 1671 1525 1722 πολλοῖς,

170 1735 278 1778 ἐπὰν
312 1737 359 1779 δὲ
394 1739 654 1792 πταίσωσιν,
687 1737 708 1778 ὃ
741 1744 826 1779 νῦν
851 1741 1015 1779 παθεῖν
1041 1738 1154 1786 εἰκὸς
1182 1736 1352 1780 ἐκεῖνον
1376 1740 1523 1791 μεῖζον

171 1809 356 1863 φορτίον
388 1808 411 1862 ἢ
451 1807 555 1849 καθ’
585 1809 720 1850 αὑτὸν
753 1809 1006 1862 αἰρόμενον,
1040 1810 1236 1862 γίγνεται
1270 1809 1439 1864 φανερὰ
1469 1809 1522 1851 τὰ

170 1881 358 1935 δυσχερῆ
386 1879 526 1920 πάντα
552 1886 641 1929 τοῖς
669 1880 841 1921 ἅπασιν.
1541 1897 1574 1924 25

230 1953 286 1993 Εἰ
323 1950 373 1992 δέ
404 1967 468 2000 τις
503 1951 627 2003 ὑμῶν
669 1948 700 1991 ὦ
741 1951 897 2005 ἄνδρες
926 1949 1150 2004 Ἀθηναῖοι
1188 1951 1266 1992 τὸν
1303 1953 1522 1993 Φίλιππον

170 2023 286 2077 ὁρῶν
313 2022 581 2077 εὐτυχοῦντα
608 2022 802 2076 φοβερὸν
829 2018 940 2064 εἶναι
966 2023 1128 2074 νομίζει
1156 2022 1225 2063 καὶ
1253 2021 1520 2077 δυσπολέμη-

169 2110 259 2148 τον,
286 2094 516 2147 σώφρονος
541 2093 621 2146 μὲν
648 2092 807 2148 ἀνδρὸς
835 2099 986 2147 χρῆται
1012 2094 1217 2150 προνοίᾳ·
1249 2093 1411 2147 μεγάλη
1437 2094 1520 2148 γὰρ

171 2165 301 2220 ῥοπή,
332 2168 499 2217 μᾶλλον
532 2164 580 2206 δὲ
611 2165 659 2206 τὸ
694 2165 799 2206 ὅλον
833 2165 858 2218 ἡ
891 2164 998 2218 τύχη
1026 2162 1116 2206 ἐστὶ
1141 2165 1248 2218 πρὸς
1276 2164 1444 2206 ἅπαντα
1470 2165 1521 2206 τὰ

169 2243 258 2277 τῶν
279 2235 530 2288 ἀνθρώπων
556 2235 803 2290 πράγματα·
829 2235 937 2276 κατὰ
957 2237 1145 2285 πολλοὺς
1165 2234 1313 2287 μέντοι
1332 2236 1520 2290 τρόπους
1540 2253 1574 2278 3ο

1660 0 1665 134 ἱ

1661 138 1665 235 ι

1660 239 1666 343 z

1662 345 1667 463 ⁵

1664 467 1668 596 ὲ
