1689 2531
191 72 272 114 148
593 73 850 105 ΕΠΙΣΤΟΛΗ
876 74 1129 107 ΦΙΛΙΠΠΟΤ
1459 75 1535 120 [m

120 178 160 209 19
187 174 275 209 τῶν
301 167 518 209 ἁπάντων.
555 172 614 225 τῷ
635 168 715 220 μὲν
741 165 823 210 οὖν
850 169 970 225 δήμῳ
996 175 1132 210 ταῦτα
1158 168 1422 225 συνέφερεν,
1445 177 1536 220 τοῖς

189 238 238 280 δὲ
269 237 476 291 λέγουσιν
507 237 588 279 οὐκ
621 236 868 280 ἐλυσιτέλει.
910 239 1019 293 φασὶ
1044 240 1126 294 γὰρ
1154 241 1194 281 οἱ
1220 246 1294 294 τῆς
1319 243 1537 291 πολιτείας

187 315 262 362 τῆς
287 305 387 363 παρ’
412 308 519 361 ὑμῖν
545 306 742 364 ἔμπειροι
767 310 848 363 τὴν
873 309 953 362 μὲν
979 311 1159 365 εἰρήνην
1178 312 1370 364 πόλεμον
1390 312 1538 362 αὐτοῖς

56 394 175 422 awa
190 374 316 434 εἶναι,
341 380 419 421 τὸν
446 379 494 421 δὲ
519 381 710 432 πόλεμον
736 382 931 435 εἰρήνην·
958 380 983 435 ἢ
1005 381 1087 436 γὰρ
1109 382 1540 436 συναγωνιζομένους

61 453 170 517 ἓξὲξ-Ι
189 457 257 491 τοῖ
259 466 279 499 ς
301 457 556 505 στρατηγοῖς
575 450 601 505 ἢ
624 457 1010 506 συκοφαντοῦντας
1031 451 1100 494 ἀεί
1116 468 1158 494 τι
1178 453 1417 506 λαμβάνειν
1435 452 1532 509 παρ’
1560 473 1575 498 5

103 527 136 551 10
193 521 352 575 αὐτῶν,
395 519 457 563 ἔτι
496 522 544 563 δὲ
581 529 669 563 τῶν
711 525 903 564 πολιτῶν
945 530 1035 572 τοῖς
1079 524 1428 578 γνωριμωτάτοις
1470 524 1542 566 καὶ

191 599 279 634 τῶν
310 590 478 642 ἔξωθεν
509 599 599 642 τοῖς
632 591 931 643 ἐνδοξοτάτοις
964 594 1331 649 λοιδορουμένους
1363 593 1433 636 ἐπὶ
1463 601 1541 637 τοῦ

191 666 381 717 βήματος
407 667 735 719 περιποιεῖσθαι
760 665 877 719 παρὰ
901 671 980 706 τοῦ
1006 668 1206 719 πλήθους
1230 664 1363 716 δόξαν
1383 665 1439 715 ὡς
1459 666 1543 708 εἰσὶ

193 735 429 788 δημοτικοί.

121 813 166 843 20
245 802 416 861 Ῥᾴδιον
441 805 521 858 μὲν
547 802 629 847 οὖν
655 805 749 848 ε’στί
771 821 845 859 μοι
875 812 1040 848 παῦσαι
1065 812 1140 860 τῆς
1164 809 1442 862 βλασφημίας
1468 807 1544 849 αὐ·
1565 827 1598 851 10

192 878 293 926 τοὺς
319 876 451 930 μικρὰ
476 876 594 918 πάνυ
621 877 860 934 προεμένῳ,
885 878 956 919 καὶ
976 883 1154 931 ποιῆσαι
1176 877 1319 932 λέγειν
1340 877 1544 929 ἐπαίνους

194 947 304 1002 ὑπὲρ
329 947 464 1001 ἡμῶν.
497 945 590 988 ἀλλ’
623 949 914 1003 αἰσχυνοίμην
940 949 1007 1003 ἄν,
1033 950 1069 990 εἰ
1095 949 1176 1003 τὴν
1200 950 1308 1004 πρὸς
1333 950 1445 1002 ὑμᾶς
1476 950 1546 992 εὔ-

192 1034 321 1060 νοιαν
352 1018 469 1072 παρὰ
499 1019 669 1060 τούτων
701 1020 942 1073 φαινοίμην
970 1019 1232 1074 ὠνούμενος,
1257 1021 1300 1061 οἳ
1323 1021 1431 1075 πρὸς
1456 1027 1546 1070 τοῖς

194 1090 341 1139 ἄλλοις
362 1091 422 1139 εἰς
442 1096 572 1131 τοῦτο
598 1091 757 1144 τόλμης
782 1091 979 1145 ἥκουσιν,
1006 1091 1116 1132 ὥστε
1142 1091 1212 1132 καὶ
1232 1091 1331 1146 περὶ
1344 1088 1547 1146 Ἀμφιπό-

195 1164 301 1210 λεως
326 1161 434 1215 πρὸς
461 1162 568 1215 ἡμᾶς
595 1160 888 1215 ἀμφισβητεῖν
915 1160 1223 1216 ἐπιχειροῦσιν,
1247 1161 1356 1216 ὑπὲρ
1383 1159 1432 1217 ἧς
1458 1169 1547 1204 τῶν
1567 1181 1600 1207 15

195 1231 573 1284 ἀντιποιουμένων
614 1232 746 1285 αὐτῆς
785 1232 930 1284 οἴομαι
968 1233 1081 1273 πολὺ
1121 1233 1368 1288 δικαιότερα
1406 1232 1549 1287 λέγειν

124 1311 166 1341 21
196 1302 337 1352 αὐτός.
383 1302 468 1344 εἴτε
501 1303 585 1357 γὰρ
629 1309 718 1344 τῶν
752 1301 794 1353 ἐξ
831 1302 963 1358 ἀρχῆς
997 1303 1309 1358 κρατησάντων
1342 1305 1550 1359 γίγνεται,

195 1380 285 1423 πῶς
320 1374 373 1416 οὐ
410 1374 586 1423 δικαίως
622 1374 742 1428 ἡμεῖς
780 1374 919 1428 αὐτὴν
954 1372 1121 1429 ἔχομεν,
1151 1371 1436 1429 Ἀλεξάνδρου
1470 1381 1549 1416 τοῦ

196 1446 419 1499 προγόνου
440 1445 615 1499 πρώτου
641 1446 932 1500 κατασχόντος
951 1446 1030 1487 τὸν
1055 1446 1203 1499 τόπον,
1230 1445 1340 1487 ὅθεν
1364 1446 1436 1487 καὶ
1462 1453 1551 1487 τῶν

197 1516 481 1571 αἰχμαλώτων
508 1516 681 1570 Μήδων
716 1515 915 1571 ἀπαρχὴν
953 1515 1195 1571 ἀνδριάντα
1225 1522 1422 1571 χρυσοῦν
1453 1516 1550 1559 ἀνέ-
1570 1535 1603 1560 20

199 1597 358 1640 στησεν
385 1588 444 1636 εἰς
465 1587 691 1641 Δελφούς;
719 1587 803 1628 εἴτε
823 1587 992 1629 τούτων
1012 1588 1092 1639 μὲν
1111 1586 1458 1642 ἀμφισβητήσειέ
1473 1603 1551 1642 τις,

199 1657 312 1708 ἀξιοῖ
332 1658 379 1699 δὲ
398 1659 633 1712 γίγνεσθαι
646 1665 734 1699 τῶν
747 1658 934 1712 ὕστερον
947 1657 1197 1712 γενομένων
1216 1659 1394 1713 κυρίων,
1412 1658 1550 1713 ὑπάρ-

200 1744 263 1783 χει
294 1745 368 1781 μοι
399 1729 470 1770 καὶ
502 1735 631 1771 τοῦτο
663 1730 711 1770 τὸ
746 1729 933 1770 δίκαιον·
970 1728 1308 1783 ἐκπολιορκήσας
1339 1730 1422 1784 γὰρ
1448 1731 1550 1779 τοὺς

200 1800 310 1852 ὑμᾶς
347 1800 427 1852 μὲν
462 1798 744 1854 ἐκβαλόντας,
777 1800 863 1841 ὑπὸ
890 1800 1252 1852 Λακεδαιμονίων
1284 1800 1332 1842 δὲ
1362 1816 1550 1842 κατοικι-

129 1880 172 1909 22
202 1870 402 1925 σθέντας,
427 1868 587 1924 ἔλαβον
612 1872 661 1913 τὸ
688 1873 861 1925 χωρίον.
894 1872 1033 1912 καίτοι
1060 1870 1218 1920 πάντες
1244 1872 1450 1923 οἰκοῦμεν
1475 1872 1550 1921 τὰς
1571 1889 1603 1914 25

201 1942 347 1991 πόλεις
384 1941 410 1995 ἢ
448 1948 537 1983 τῶν
574 1943 807 1996 προγόνων
844 1942 1133 1996 παραδόντων
1164 1941 1189 1995 ἢ
1222 1942 1329 1983 κατὰ
1360 1943 1552 1995 πόλεμον

200 2013 346 2066 κύριοι
371 2012 669 2062 καταστάντες.
701 2013 824 2065 ὑμεῖς
851 2010 888 2054 δ’
915 2013 1015 2054 οὔτε
1035 2019 1198 2067 πρῶτοι
1220 2014 1427 2066 λαβόντες
1448 2013 1549 2055 οὔτε

201 2089 287 2125 νῦν
312 2081 495 2138 ἔχοντες,
522 2082 762 2139 ἐλάχιίστον
789 2084 837 2125 δὲ
862 2085 1025 2138 χρόνον
1051 2082 1099 2124 ἐν
1125 2090 1214 2132 τοῖς
1240 2084 1389 2131 τόποις
1411 2082 1552 2136 ἐμμεί-
1573 2087 1648 2122 165

201 2170 368 2209 ναντες,
394 2153 695 2196 ἀντιποιεῖσθε
720 2161 795 2208 τῆς
819 2156 998 2209 πόλεως,
1023 2155 1094 2196 καὶ
1121 2160 1254 2195 ταῦτα
1273 2155 1422 2196 πίστιν
1442 2154 1551 2209 ὑπὲρ

202 2226 325 2278 ’ἡμῶν
352 2225 476 2267 αὐτοὶ
501 2226 789 2280 βεβαιοτάτην
822 2224 1064 2275 ἐπιθέντες·
1101 2225 1306 2274 πολλάκις
1337 2226 1420 2279 γὰρ
1447 2223 1552 2266 ἐιιοῦ
1572 2242 1606 2267 so
