1689 2531
166 56 220 98 10
647 57 1021 91 ΔΗΜΟΣΘΕΝΟΤΣ
1481 58 1511 102 [1

165 152 302 206 αὐτὴν
333 151 618 207 παρειχόμεθ’
648 153 770 207 ἡμεῖς
797 150 907 207 ὑπὲρ
935 152 1058 206 ἡμῶν
1085 153 1230 194 αὐτῶν
1254 154 1511 207 προθυμίαν

164 225 301 278 ἥνπερ
322 224 430 278 ὑπὲρ
453 229 529 277 τῆς
548 222 760 276 Εὐβοέων
779 225 1004 278 σωτηρίας,
1031 222 1153 278 εἴχετ’
1180 223 1235 265 ἂν
1253 222 1512 278 Ἀμφίπολιν

165 296 260 337 τότε
286 293 357 336 καὶ
390 293 568 336 πάντων
598 301 687 336 τῶν
719 294 824 347 μετὰ
855 291 974 336 ταῦτ’
1007 293 1062 336 ἂν
1094 292 1158 348 ἦτ’
1190 294 1512 349 ἀπηλλαγμένοι

119 378 138 409 9
165 366 442 419 πραγμάτων.
462 364 533 406 καὶ
548 365 682 407 πάλιν
697 365 824 419 ἡνίκα
839 365 1014 419 Πύδνα,
1031 366 1283 420 Ποτείδαια,
1298 366 1513 420 Μεθώνη,

167 440 393 491 Παγασαί,
426 435 565 489 τᾶλλ’,
598 437 672 478 ἵνα
703 437 759 490 μὴ
795 433 899 478 καθ’
933 435 1090 478 ἕκαστα
1123 435 1263 490 λέγων
1289 437 1514 491 διατρίβω,
1534 452 1549 479 5

166 504 501 562 πολιορκούμεν’
529 507 836 562 ἀπηγγέλλετο,
862 508 899 549 εἰ
926 509 1023 549 τότε
1041 509 1210 550 τούτων
1231 506 1296 549 ἑνὶ
1318 513 1377 565 τῷ
1399 508 1515 562 πρώ-

168 595 226 636 τῳ
247 580 492 634 προθύμως
511 577 582 620 καὶ
598 579 655 628 ὡς
669 585 890 633 προσῆκεν
908 578 1213 633 ἐβοηθήσαμεν
1228 579 1366 632 αὐτοί,
1388 577 1515 634 ῥᾴονι

169 649 241 692 καὶ
273 652 386 692 πολὺ
420 649 710 706 ταπεινοτέρῳ
743 656 828 691 νῦν
860 649 915 691 ἂν
948 649 1176 705 ἐχρώμεθα
1207 655 1266 707 τῷ
1301 652 1516 707 Φιλίππῳ.

169 727 254 763 νῦν
287 719 333 763 δὲ
366 722 414 763 τὸ
446 721 526 776 μὲν
557 722 702 776 παρὸν
734 720 818 763 αἰεὶ
850 721 1122 775 προϊέμενοι,
1154 722 1205 763 τὰ
1238 719 1285 763 δὲ
1314 720 1511 774 μέλλοντ’

170 791 374 847 αὐτόματ’
409 793 604 845 οἰόμενοι
638 794 814 846 σχήσειν
840 796 1001 846 καλῶς,
1026 791 1275 847 ηὐξήσαμεν
1301 788 1334 834 ὦ
1361 793 1518 847 ἄνδρες
1539 808 1573 834 10

171 863 397 918 Ἀθηναῖοι
423 865 647 905 Φίλιππον
666 864 787 917 ἡμεῖς
808 861 879 904 καὶ
907 864 1228 917 κατεστήσαμεν
1247 867 1520 918 τηλικοῦτον,

172 935 321 989 ἡλίκος
348 934 494 984 οὐδείς
521 950 585 976 πω
612 936 819 988 βασιλεὺς
840 932 992 988 γέγονε
1014 935 1306 983 Μακεδονίας.
1342 933 1445 976 νυνὶ
1466 935 1518 988 δὴ

173 1007 322 1060 καιρὸς
354 1007 448 1059 ’ἥκει
483 1021 548 1055 τις
586 1002 714 1055 οὗτος
746 1004 768 1047 ὁ
801 1013 890 1047 τῶν
919 1004 1165 1047 Ὀλυνθίων
1197 1005 1437 1060 αὐτόματος
1470 1012 1520 1061 τῇ

173 1079 310 1129 πόλει,
338 1076 384 1126 ὃς
405 1077 589 1125 οὐδενός
615 1076 734 1117 ἐστιν
762 1075 952 1118 ἐλάττων
978 1083 1066 1118 τῶν
1085 1075 1311 1130 προτέρων
1331 1074 1521 1119 ἐκείνων.

105 1160 148 1191 10
175 1146 247 1189 καὶ
273 1146 419 1201 ἔμοιγε
447 1148 567 1189 δοκεῖ
592 1163 658 1196 τις
684 1146 738 1189 ἂν
766 1144 798 1189 ὦ
826 1148 984 1201 ἄνδρες
1008 1146 1231 1200 Ἀθηναῖοι
1258 1147 1426 1196 δίκαιος
1451 1150 1522 1189 λο-
1543 1162 1575 1188 15

175 1220 325 1273 γιστὴς
341 1217 344 1275 Ι
362 1226 450 1260 τῶν
469 1219 586 1272 παρὰ
605 1226 693 1260 τῶν
713 1222 833 1260 θεῶν
853 1218 957 1273 ἡμῖν
978 1218 1272 1272 ὑπηργμένων
1297 1217 1523 1271 καταστάς,
1545 1219 1593 1256 12

177 1292 329 1345 καίπερ
365 1289 446 1331 οὐκ
479 1289 667 1344 ἐχόντων
702 1289 759 1339 ὡς
792 1290 858 1331 δεῖ
889 1292 1078 1343 πολλῶν,
1112 1290 1225 1342 ὅμως
1250 1289 1443 1344 μεγάλην
1469 1289 1524 1331 ἂν

176 1359 293 1416 ἔχειν
319 1362 469 1411 αὐτοῖς
496 1361 624 1415 χάριν
651 1362 841 1410 εἰκότως·
869 1362 917 1403 τὸ
944 1361 1024 1413 μὲν
1050 1361 1132 1414 γὰρ
1159 1359 1283 1402 πόλλ’
1307 1359 1526 1402 ἀπολωλε-

177 1433 298 1475 κέναι
332 1433 439 1474 κατὰ
472 1433 550 1474 τὸν
583 1434 774 1486 πόλεμον
806 1438 880 1485 τῆς
913 1431 1119 1486 ἡμετέρας
1151 1431 1351 1486 ἀμελείας
1379 1432 1435 1472 ἄν
1460 1446 1526 1481 τις

177 1506 278 1558 θείη
313 1505 511 1558 δικαίως,
542 1504 590 1545 τὸ
626 1504 673 1545 δὲ
705 1505 810 1557 μήτε
837 1503 970 1544 πάλαι
998 1509 1127 1545 τοῦτο
1153 1501 1426 1544 πεπονθέναι
1452 1517 1525 1544 πε-
1547 1517 1581 1543 20

179 1574 367 1630 φηνέναι
394 1573 441 1615 τέ
464 1573 546 1616 τιν’
573 1575 678 1628 ἡμῖν
705 1574 954 1628 συμμαχίαν
974 1573 1143 1615 τούτων
1164 1572 1446 1628 ἀντίρροπον,
1473 1571 1527 1614 ἂν

36 1648 170 1708 Ρζζῗξῐζ·
182 1647 447 1699 βουλώμεθα
474 1650 680 1700 χρῆσθαι,
706 1652 781 1699 τῆς
811 1642 910 1699 παρ’
943 1643 1122 1686 ἐκείνων
1155 1644 1331 1693 εὐνοίας
1357 1643 1529 1698 εὐεργέ-

111 1730 152 1761 11
181 1715 275 1772 τημ’
308 1717 364 1759 ἂν
390 1719 525 1770 ἔγωγε
551 1719 694 1770 θείην.
733 1715 826 1757 ἀλλ’
861 1713 981 1770 οἶμαι
1006 1717 1250 1769 παρόμοιόν
1277 1714 1397 1757 ἐστιν
1423 1715 1528 1769 ὅπερ

180 1788 252 1830 καὶ
278 1788 377 1841 περὶ
398 1794 472 1840 τῆς
492 1794 581 1829 τῶν
602 1787 833 1841 χρημάτων
853 1787 1057 1840 κτήσεως·
1086 1785 1140 1827 ἂν
1160 1783 1240 1840 μὲν
1260 1786 1357 1841 γάρ,
1384 1784 1448 1828 ὅσ’
1476 1787 1530 1827 ἄν

181 1876 247 1909 τις
279 1860 410 1915 λάβῃ,
442 1859 512 1900 καὶ
547 1855 687 1915 σῴσῃ,
718 1857 912 1911 μεγάλην
943 1855 1031 1911 ἔχει
1062 1863 1113 1912 τῇ
1145 1857 1254 1912 τύχῃ
1280 1858 1361 1912 τὴν
1386 1857 1528 1912 χάριν,
1550 1873 1582 1899 25

184 1930 239 1973 ἂν
260 1929 298 1972 δ’
318 1928 548 1979 ἀναλώσας
567 1930 698 1985 λάθῃ,
720 1930 1004 1982 συνανήλωσε
1024 1929 1095 1970 καὶ
1115 1929 1163 1971 τὸ
1183 1933 1432 1983 μεμνῆσθαι
1451 1929 1531 1982 τὴν

184 2003 324 2057 χάριν.
351 2001 422 2042 καὶ
443 2000 543 2054 περὶ
560 2008 647 2042 τῶν
667 1998 933 2055 πραγμάτων
954 1999 1109 2048 οὕτως·
1131 2001 1175 2041 οἱ
1192 2000 1248 2053 μὴ
1268 1999 1532 2055 χρησάμενοι

185 2080 277 2122 τοῖς
301 2079 469 2126 καιροῖς
497 2073 663 2126 ὀρθῶς,
697 2070 792 2112 οὐδ’
818 2071 856 2112 εἰ
882 2070 1044 2124 συνέβη
1077 2087 1118 2112 τι
1149 2072 1267 2125 παρὰ
1298 2078 1386 2112 τῶν
1411 2074 1532 2111 θεῶν

187 2144 375 2199 χρηστὸν
407 2144 755 2197 μνημονεύουσι·
786 2142 894 2197 πρὸς
927 2143 1008 2197 γὰρ
1042 2142 1089 2183 τὸ
1122 2145 1375 2184 τελευταῖον
1400 2140 1533 2194 ἐκβὰν

185 2215 370 2257 ἕκαστον
394 2222 483 2256 τῶν
502 2215 608 2268 πρὶν
629 2212 917 2267 ὑπαρξάντων
937 2214 1145 2268 κρίνεται.
1176 2213 1246 2255 διὸ
1267 2210 1338 2254 καὶ
1360 2212 1534 2266 σφόδρα
1553 2228 1588 2255 80
