1689 2531
144 616 186 646 19

144 1255 187 1285 ‘20

145 1680 185 1710 21

144 2106 187 2136 22

215 81 234 119 1
242 78 297 120 88
698 80 1072 113 ΔΗΜΟΣΘΕΝΟΤΣ
1469 81 1558 125 [XVI

206 172 412 229 Ὠρωπὸν
451 177 614 229 λαβεῖν,
646 174 944 229 αἱρετώτερον,
975 177 1011 217 εἰ
1044 168 1141 218 οἶόν
1173 173 1207 217 τ’
1246 177 1398 231 εἰπεῖν,
1427 177 1558 230 ἡγοῦ-

212 262 288 300 μαι
313 246 392 287 τὸν
412 243 617 300 Ὠρωπὸν
644 244 720 287 ε’ᾶν
745 245 770 299 ἢ
798 247 1160 298 Λακεδαιμονίοις
1186 247 1430 301 Μεσσήνην
1454 261 1558 301 προ-

214 318 344 360 έσθαι
368 317 440 358 καὶ
460 319 818 371 Πελοπόννησον.
862 316 914 358 οὐ
940 317 1022 371 γὰρ
1050 316 1105 358 ἂν
1129 318 1318 371 ἡγοῦμαι
1342 317 1442 372 περὶ
1461 317 1560 359 τού-

212 404 290 430 του
322 389 463 441 μόνον
494 389 598 442 ἡμῖν
625 383 737 430 εἶναι
762 388 841 429 τὸν
868 388 1001 441 λόγον
1026 388 1134 442 πρὸς
1161 386 1367 442 ἐκείνους,
1393 385 1485 430 ἀλλ’
1502 413 1560 418 -

214 458 325 501 ἐάσω
352 461 401 501 τό
427 457 464 513 γ’
493 457 684 501 ἐπελθὸν
704 460 842 500 εἰπεῖν
862 471 953 511 μοι·
989 459 1087 512 περὶ
1108 462 1283 500 πολλῶν
1303 456 1340 500 δ’
1367 458 1422 500 ἂν
1442 453 1560 511 οἶμαι
1580 476 1595 502 5

213 531 427 572 κίνδυνον
452 531 556 584 ἡμῖν
582 529 804 584 γενέσθαι.

262 599 388 644 Ἀλλὰ
419 602 506 656 μὴν
538 601 564 642 ἅ
598 600 650 655 γέ
679 612 788 656 φασι
819 604 1069 656 πεπρᾶχθαι
1101 601 1173 642 διὰ
1209 599 1440 657 ΘηῙβαίους
1471 607 1561 651 τοῖς
1581 604 1653 640 207

213 673 595 727 ΝΙεγαλοπολίταις
621 672 860 713 ὑπεναντία
879 672 987 726 πρὸς
1006 672 1128 726 ἡμᾶς,
1153 672 1317 713 ἄτοπον
1335 677 1422 713 νῦν
1442 671 1558 727 [μὲν]

214 743 261 786 ἐν
286 745 545 797 κατηγορίας
571 742 691 797 μέρει
716 747 954 797 ποιεῖσθαι,
979 742 1263 796 βουλομένων
1283 742 1331 784 δὲ
1350 742 1560 796 γενέσθαι

214 818 357 869 φίλων
382 814 541 869 αὐτῶν,
566 814 639 855 ἵνα
663 814 926 856 τούναντίον
953 810 1000 855 εὖ
1027 820 1213 855 ποιῶσιν
1237 814 1359 868 ἡμᾶς,
1382 814 1562 867 βασκαί-
1581 831 1614 855 ιο
1679 810 1689 832 ³¹

213 902 309 928 νειν
335 886 407 927 καὶ
433 892 613 927 σκοπεῖν
640 883 681 935 ἐξ
710 885 812 926 ὅτου
839 886 1004 938 τρόπου
1029 885 1087 939 μὴ
1113 885 1388 939 γενήσονται,
1412 883 1484 926 καὶ
1503 885 1560 939 μὴ

213 958 475 1012 γιγνώσκειν
514 957 593 1009 ὅτι,
632 956 720 1012 ὅσω
753 955 808 997 ἂν
848 955 1216 1010 σπουδαιοτέρους
1248 955 1432 1005 τούτους
1463 956 1562 1010 περὶ

218 1029 436 1083 Θηβαίους
463 1026 779 1081 γεγενημένους
806 1025 1108 1081 ἀποδείξωσιν,
1139 1027 1333 1083 τοσούτω
1360 1027 1561 1076 πλείονος

215 1100 345 1153 ὀργῆς
378 1098 502 1140 αὐτοὶ
539 1099 714 1147 δικαίως
747 1097 802 1139 ἂν
833 1097 1106 1152 τυγχάνοιεν,
1140 1099 1176 1139 εἰ
1207 1098 1422 1139 τοιούτων
1455 1109 1561 1150 συμ-

214 1170 363 1225 μάχων
403 1171 483 1224 τὴν
521 1171 670 1224 πόλιν,
713 1166 772 1211 ὅτ’
817 1166 884 1223 ἐφ’
929 1169 1038 1221 ὑμᾶς
1076 1169 1316 1223 προτέρους
1352 1166 1499 1222 ἦλθον
1535 1167 1616 1222 ἤιε,

219 1243 450 1296 Θηβαίους,
491 1240 800 1295 ἀπεστέρησαν.
861 1237 954 1281 ἀλλ’
1009 1235 1127 1292 οἶμαι
1175 1246 1310 1281 ταῦτα
1350 1239 1431 1292 μέν
1472 1238 1563 1281 ἐστι

215 1313 422 1367 δεύτερον
454 1312 707 1367 ἀνθρώπων
743 1310 1027 1365 βουλομένων
1062 1309 1221 1365 ἑτέρων
1255 1317 1434 1364 ποιῆσαι
1464 1311 1564 1352 τού-

1668 470 1689 545 ⁰ss

216 1400 316 1433 τους
343 1384 607 1438 συμμάχους.
658 1382 741 1437 ἐγὼ
769 1380 805 1424 δ’
839 1378 949 1436 οἶδα,
975 1380 1038 1424 ὄσ’
1073 1381 1128 1423 ἂν
1154 1380 1201 1423 ἐκ
1227 1385 1439 1436 λογισμοῦ
1466 1392 1564 1424 σκο-

214 1462 309 1496 πῶν
329 1470 392 1504 τις
414 1455 582 1496 εἰκάσαι
604 1453 694 1511 (καὶ
713 1456 814 1503 τοὺς
835 1455 1024 1503 πολλοὺς
1045 1448 1164 1505 οἶμαι
1183 1453 1306 1505 ὑμῶν
1321 1451 1416 1505 ἐμοὶ
1428 1452 1564 1494 ταύτὰ

215 1526 406 1582 φήσειν),
432 1526 498 1567 ὅτι
525 1527 562 1567 εἰ
590 1527 802 1578 λήψονται
822 1524 1036 1578 Μεγάλην
1057 1525 1187 1565 πόλιν
1208 1524 1563 1577 Λακεδαιμόνιοι,
1583 1541 1617 1566 20
1683 1517 1689 1542 ⁵

214 1598 494 1639 κινδυνεύσει
514 1598 747 1650 λΙεσσήνη·
786 1597 822 1637 εἰ
851 1596 898 1637 δὲ
923 1595 994 1637 καὶ
1015 1595 1178 1648 ταύτην
1200 1596 1427 1649 λήψονται,
1453 1592 1556 1650 φήμ’

214 1669 323 1721 ἡμᾶς
361 1665 542 1709 ἔσεσθαι
581 1667 831 1722 συμμάχους
867 1667 1085 1720 Θηβαίων.
1141 1667 1252 1707 πολὺ
1292 1665 1345 1719 δὴ
1383 1665 1562 1707 κάλλιον

215 1740 287 1780 καὶ
313 1740 494 1791 ἄμεινον
520 1740 599 1793 τὴν
624 1739 704 1791 μὲν
735 1739 938 1792 Θηβαίων
965 1738 1212 1791 συμμαχίαν
1240 1736 1400 1785 αὐτοὺς
1426 1750 1563 1791 παρα-

217 1812 380 1864 λαβεῖν,
419 1816 470 1865 τῇ
510 1810 558 1852 δὲ
589 1810 949 1861 Λακεδαιμονίων
980 1807 1208 1864 πλεονεξία
1239 1808 1296 1862 μὴ
1324 1805 1562 1861 ἐπιτρέψαι,

215 1881 239 1935 ἢ
267 1887 353 1922 νῦν
379 1881 617 1930 ὀκνοῦντας
643 1882 700 1934 μὴ
720 1882 822 1929 τοὺς
847 1880 1051 1933 Θηβαίων
1072 1876 1277 1935 σῴσωμεν
1299 1878 1561 1933 συμμάχους,
1581 1895 1614 1920 25

215 1953 398 2002 τούτους
435 1952 517 2004 μὲν
554 1951 784 2006 προέσθαι,
821 1950 954 1992 πάλιν
992 1950 1040 1991 δὲ
1079 1947 1232 2007 σῴζειν
1270 1948 1430 1998 αὐτοὺς
1460 1950 1562 1998 τοὺς

220 2024 451 2077 Θηβαίους,
481 2023 553 2065 καὶ
585 2020 755 2077 προσέτ’
796 2020 844 2063 ἐν
871 2023 995 2078 φόβῳ
1021 2020 1289 2062 καθεστάναι
1316 2020 1415 2074 περὶ
1440 2020 1562 2074 ἡμῶν

215 2094 373 2136 αὐτῶν.
411 2094 463 2136 οὐ
490 2094 572 2148 γὰρ
597 2091 721 2147 ἔγωγ’
748 2092 869 2142 ἀδεὲς
889 2089 1015 2134 τοῦθ’
1041 2091 1336 2145 ὑπολαμβάνω
1356 2096 1408 2145 τῇ
1427 2091 1563 2144 πόλει,

215 2166 264 2207 τὸ
304 2167 456 2218 λαβεῖν
494 2165 710 2219 [Μεγάλην
745 2165 876 2205 πόλιν
907 2163 1285 2215 Λακεδαιμονίους
1322 2161 1395 2203 καὶ
1429 2160 1562 2202 πάλιν

215 2236 426 2290 γενέσθαι
451 2236 677 2290 μεγάλους.
728 2235 815 2288 ὁρῶ
842 2235 924 2289 γὰρ
951 2234 1110 2284 αὐτοὺς
1137 2234 1207 2275 καὶ
1233 2239 1319 2275 νῦν
1345 2231 1425 2287 οὐχ
1451 2230 1559 2286 ὑπὲρ
1582 2249 1615 2274 so
