1689 2531
105 85 145 129 X]
548 81 675 114 ΚΑΤΑ
700 79 952 113 ΦΙΛΙΠΠΟΤ
976 80 1007 111 Δ
1364 76 1445 117 129

105 195 170 229 τις
195 179 262 233 ἄν,
287 177 313 220 ἃ
339 175 437 232 παρ’
469 175 684 231 ἑκατέρων
710 170 822 218 εἶναι
849 175 926 229 δεῖ,
950 171 1068 216 ταῦτ’
1101 174 1204 224 ἴσως
1230 172 1366 215 ἐστίν·
1392 173 1448 223 ὡς

107 249 156 292 δὲ
181 250 252 291 καὶ
277 245 435 303 γένοιτ’
467 248 534 302 ἄν,
560 245 608 289 ἐν
632 247 751 303 νόμῳ
778 245 1115 300 διορθώσασθαι
1142 245 1219 287 δεῖ.

173 324 270 362 Τῶν
296 320 344 362 δὲ
369 319 600 374 παρόντων
626 317 890 373 πραγμάτων
915 316 987 358 καὶ
1011 322 1086 370 τῆς
1105 322 1291 371 ταραχῆς
1311 315 1451 357 πολλὰ
1477 326 1519 356 46

106 389 343 447 πόρρωθέν
369 388 459 432 ἐστι
484 389 537 431 τὰ
562 388 695 430 αἴτια·
723 388 748 430 ἃ
775 389 811 430 εἰ
838 386 1122 441 βουλομένοις
1149 387 1254 439 ὑμῖν
1274 386 1451 428 ἀκούειν

71 480 87 506 5
108 461 244 516 ἐστίν,
283 460 420 503 ἐθέλω
460 459 614 514 λέγειν.
661 456 844 513 ἐξέστητ’
883 455 915 499 ὦ
949 458 1105 513 ἄνδρες
1121 454 1346 511 Ἀθηναῖοι
1377 463 1451 510 τῆς

106 531 358 582 ὑποθέσεως
391 529 467 586 ἐφ’
494 528 544 585 ἧς
576 531 686 583 ὑμᾶς
719 531 759 572 οἱ
785 531 997 584 πρόγονοι
1023 527 1274 581 κατέλιπον,
1306 527 1378 569 καὶ
1403 528 1450 569 τὸ

107 604 187 657 μὲν
218 605 512 658 προΐστασθαι
543 608 632 643 τῶν
663 602 882 655 Ἑλλήνων
913 600 984 641 καὶ
1023 600 1213 652 δύναμιν
1245 609 1452 652 συνεστη-

108 682 240 717 κυῖαν
260 671 437 729 ἔχοντας
457 678 562 714 πᾶσι
582 679 671 722 τοῖς
693 671 995 724 ἀδικουμένοις
1015 673 1202 725 βοηθεῖν
1221 671 1454 723 περίεργον

109 744 338 798 ἐπείσθητ’
376 739 487 786 εἶναι
522 743 593 784 καὶ
628 742 811 796 μάταιον
849 739 1037 794 ἀνάλωμ’
1077 741 1162 783 ὑπὸ
1197 749 1285 783 τῶν
1319 746 1454 782 ταῦτα

56 835 90 861 10
108 814 472 868 πολιτευομένων,
497 815 546 856 τὸ
574 814 599 855 δ
611 813 620 828 '
647 813 694 855 ε’ν
720 814 877 870 ἡσυχία
909 813 1077 867 διάγειν
1108 813 1180 854 καὶ
1205 812 1342 866 μηδὲν
1367 818 1454 853 τῶν

111 887 303 929 δεόντων
336 885 562 940 πράττειν,
597 884 705 925 ἀλλὰ
740 882 1023 938 προϊεμένους
1057 881 1158 924 καθ’
1200 883 1248 924 ἓν
1273 882 1538 924 §mmmmm

110 954 244 999 πάνθ’
272 955 445 1011 ἑτέρους
465 954 588 997 ἐᾶσαι
610 957 774 1008 λαβεῖν,
800 955 1061 1009 θαυμαστὴν
1081 954 1366 1007 εὐδαιμονίαν
1385 953 1456 994 καὶ

111 1028 278 1083 πολλὴν
310 1026 553 1081 ἀσφάλειαν
579 1024 693 1081 ἔχειν
719 1023 868 1083 ᾤεσθε.
901 1024 946 1066 ἐκ
967 1025 1015 1066 δὲ
1033 1025 1202 1066 τούτων
1221 1025 1457 1080 παρελθὼν
1483 1037 1525 1067 47

113 1097 182 1141 ἐπὶ
213 1099 294 1154 τὴν
324 1097 448 1148 τάξιν
485 1096 560 1152 ἐφ’
594 1094 643 1151 ἧς
675 1097 780 1149 ὑμῖν
813 1096 1019 1151 τετάχθαι
1051 1102 1270 1151 προσῆκεν
1301 1095 1457 1151 ἔτερος,

60 1187 92 1214 15
113 1167 239 1219 οὗτος
272 1168 492 1222 εὐδαίμων
525 1169 596 1210 καὶ
627 1167 758 1222 μέγας
789 1168 861 1209 καὶ
887 1170 1062 1209 πολλῶν
1088 1167 1237 1222 κύριος
1262 1168 1457 1221 γέγονεν,

113 1241 304 1290 εἰκότως·
328 1246 504 1294 πρᾶγμα
529 1240 612 1294 γὰρ
638 1237 815 1292 ἔντιμον
840 1239 911 1279 καὶ
930 1237 1039 1292 μέγα
1058 1238 1129 1279 καὶ
1150 1239 1361 1292 λαμπρόν,
1387 1238 1458 1279 καὶ

112 1311 211 1366 περὶ
237 1308 289 1353 οὗ
315 1311 456 1352 πάντα
481 1311 559 1352 τὸν
585 1311 746 1365 χρόνον
773 1310 816 1351 αἱ
836 1308 1033 1362 μέγισται
1052 1316 1141 1350 τῶν
1160 1310 1330 1351 πόλεων
1350 1310 1456 1363 πρὸς
1477 1321 1564 1346 1X22

114 1382 246 1432 αὑτὰς
273 1381 541 1436 διεφέροντο,
568 1382 929 1433 Λακεδαιμονίων
955 1380 1034 1432 μὲν
1054 1380 1344 1434 ἠτυχηκότων,
1375 1383 1459 1433 Θη-
1478 1392 1570 1417 1112?

114 1454 254 1507 βαίων
279 1451 317 1494 δ’
350 1451 549 1507 ἀσχόλων
570 1452 642 1494 διὰ
662 1453 740 1493 τὸν
767 1452 966 1493 Φωκικὸν
987 1451 1177 1503 πόλεμον
1197 1450 1459 1504 γενομένων,

23 1526 99 1564 144
118 1524 240 1578 ἡμῶν
275 1522 312 1565 δ’
354 1522 653 1575 ἀμελούντων,
695 1520 856 1577 ἔρημον
891 1520 1108 1577 ἀνείΙλετο.
1152 1521 1373 1575 τοιγάρτοι
1411 1523 1459 1563 τὸ
1487 1534 1530 1563 48

63 1613 95 1638 21
115 1595 195 1647 μὲν
231 1596 470 1649 φοβεῖσθαι
505 1602 594 1643 τοῖς
631 1595 797 1646 ἄλλοις,
829 1594 877 1634 τὸ
911 1593 958 1634 δὲ
991 1591 1241 1646 συμμάχους
1271 1593 1460 1641 πολλοὺς

116 1663 232 1719 ἔχειν
269 1665 340 1706 καὶ
379 1665 568 1717 δύναμιν
606 1664 800 1718 μεγάλην
857 1662 1005 1720 ἐκείνῳ
1050 1662 1351 1717 περιγέγονεν,
1390 1663 1460 1704 καὶ

116 1741 306 1777 τοσαῦτα
332 1735 561 1790 πράγματα
580 1736 651 1776 καὶ
671 1732 834 1776 τοιαῦτ’
860 1735 942 1788 ἤδη
969 1734 1220 1788 περιέστηκε
1245 1735 1347 1782 τοὺς
1364 1731 1462 1774 ‘'Ea-

118 1809 250 1860 ληνας
276 1806 480 1861 ἅπαντας,
504 1806 613 1847 ὥστε
638 1803 735 1859 μηδ’
769 1806 790 1847 ὅ
817 1821 857 1846 τι
883 1805 963 1860 χρὴ
991 1805 1309 1858 συμβουλεύειν
1335 1805 1462 1845 εὔπο-

0 1894 3 1939 }
66 1895 98 1921 25
120 1893 201 1932 ρον
226 1873 350 1919 εἶναι.

0 1956 2 1979 f
168 1945 334 1989 Ὄντων
364 1945 400 1989 δ’
442 1944 474 1988 ὦ
510 1947 665 2001 ἄνδρες
685 1944 906 2000 Ἀθηναῖοι
946 1953 1034 1987 τῶν
1071 1947 1302 1999 παρόντων
1328 1959 1463 2000 πραγ-
1490 1957 1531 1986 49

119 2017 266 2070 μάτων
298 2023 451 2072 πᾶσιν,
476 2018 532 2067 ὡς
559 2017 642 2071 ἐγὼ
669 2018 816 2071 κρίνω,
848 2018 1071 2071 φοβερῶν,
1097 2016 1274 2066 οὐδένες
1301 2015 1349 2057 ἐν
1374 2017 1463 2069 μεί-

120 2091 211 2140 ζονι
237 2089 430 2146 κινδύνῳ
456 2096 545 2130 τῶν
570 2088 747 2129 πάντων
773 2088 886 2129 εἰσὶν
910 2087 1046 2142 ὑμῶν,
1072 2087 1123 2129 οὐ
1150 2088 1288 2139 μόνον
1314 2092 1372 2143 τῷ
1386 2086 1464 2139 μά-

122 2156 238 2201 λισθ’
269 2159 375 2212 ὑμῖν
401 2158 704 2213 ἐπιβουλεύειν
734 2160 965 2212 Φίλιππον,
990 2157 1099 2199 ἀλλὰ
1125 2159 1195 2199 καὶ
1215 2162 1274 2214 τῷ
1288 2158 1465 2199 πάντων

69 2247 102 2273 3ο
121 2227 320 2284 ἀργότατ’
348 2230 472 2271 αὐτοὶ
499 2231 758 2272 διακεῖσθαι.
791 2231 827 2272 εἰ
848 2230 1001 2271 τοίνυν
1020 2230 1068 2270 τὸ
1089 2236 1176 2270 τῶν
1197 2229 1341 2270 ὠνίων
1360 2232 1465 2282 πλῆ-

194 2307 365 2338 Dauom-1³„
377 2306 466 2331 Vol.1
1257 2301 1276 2331 9
