1689 2531
123 62 183 108 Π]
567 64 694 96 ΚΑΤΑ
720 63 977 96 ΦΙΛΙΠΠΟΤ
1002 64 1033 95 Α
1412 62 1466 102 37

124 158 330 208 πολλάκις
365 159 589 212 εἰρήκασιν
620 155 742 200 οὗτοι
768 160 982 213 πρότερον
1014 159 1245 212 συμβαίνει
1270 158 1341 199 καὶ
1367 157 1470 199 νυνὶ

125 235 322 283 σκοπεῖν,
352 229 541 283 ἡγοῦμαι
573 229 646 270 καὶ
676 236 845 283 πρῶτος
871 228 1059 278 ἀναστὰς
1086 229 1259 278 εἰκότως
1285 227 1340 270 ἂν
1366 239 1470 282 συγ-

123 300 297 354 γνώμης
322 299 567 355 τυγχάνειν.
600 301 636 341 εἰ
663 300 745 354 γὰρ
768 298 814 341 ἐκ
833 306 910 341 τοῦ
931 300 1288 355 παρεληλυθότος
1307 301 1469 354 χρόνου

123 371 175 412 τὰ
201 367 350 412 δέονθ’
382 367 504 412 οὗτοι
525 371 896 425 συνεβούλευσαν,
921 370 1053 412 οὐδὲν
1074 370 1128 412 ἂν
1147 370 1257 422 ὑμᾶς
1277 376 1362 411 νῦν
1382 369 1470 412 ἔδει

89 458 105 484 5
124 440 431 495 βουλεύεσθαι.

184 514 373 565 Πρῶτον
398 511 478 563 μὲν
510 507 592 552 οὖν
625 510 704 552 οὐκ
730 510 983 565 ἀθυμητέον
1009 509 1041 552 ὦ
1068 512 1224 565 ἄνδρες
1247 509 1469 565 Ἀθηναῖοι
1496 523 1516 553 2

122 588 214 631 τοῖς
239 587 429 636 παροῦσι
455 581 718 636 πράγμασιν,
743 579 837 623 οὐδ’
870 583 906 624 εἰ
926 582 1042 624 πάνυ
1064 582 1241 637 φαύλως
1261 580 1376 636 ἔχειν
1397 583 1469 624 δο-

121 659 198 694 κεῖ.
237 652 259 693 ὃ
286 651 368 706 γάρ
403 650 493 693 ἐστι
519 653 739 706 χείριστον
765 652 910 694 αὐτῶν
937 651 982 694 ἐκ
1007 659 1086 695 τοῦ
1112 646 1610 706 παρεληλυθότοςΡῗξῗ·

121 725 298 778 χρόνου,
323 729 453 764 τοῦτο
480 724 588 777 πρὸς
613 724 666 764 τὰ
692 723 906 775 μέλλοντα
932 723 1160 777 βέλτιστον
1185 724 1381 778 ὑπάρχει.
1426 725 1470 765 τί

69 811 102 836 10
122 791 205 836 οὖν
232 793 322 835 ἐστι
347 799 495 845 τοῦτο;
523 794 589 835 ὅτι
609 793 742 836 οὐδὲν
763 791 794 834 ὦ
817 794 972 847 ἄνδρες
989 792 1214 848 Ἀθηναῖοι
1239 801 1327 836 τῶν
1347 795 1470 836 δεόν-

121 881 209 906 των
234 864 484 906 ποιούντων
509 864 634 916 ὑμῶν
659 871 799 914 κακῶς
824 865 877 906 τὰ
902 863 1113 919 πράγματ’
1146 863 1250 920 ἔχει·
1277 864 1371 907 ἐπεί
1388 881 1468 919 τοι,

121 937 157 978 εἰ
189 933 324 977 πάνθ’
363 935 388 977 ἃ
420 942 611 989 προσῆκε
643 937 927 989 πραττόντων
960 935 1097 986 οὕτως
1125 932 1251 990 εἶχεν,
1285 934 1378 978 οὐδ’
1413 936 1467 978 ἂν

121 1005 239 1055 ἐλπὶς
271 1003 327 1059 ἧν
352 1006 462 1047 αὐτὰ
487 1007 643 1060 βελτίω
670 1006 892 1060 γενέσθαι.
931 1005 1060 1048 ἔπειτ’
1093 1006 1367 1061 ἐνθυμητέον
1393 1008 1463 1048 καὶ
1493 1019 1512 1048 3

118 1074 218 1131 παρ’
244 1077 389 1118 ἄλλων
415 1076 654 1118 ἀκούουσιν
674 1077 745 1118 καὶ
764 1084 853 1126 τοῖς
875 1078 1041 1119 εἰδόσιν
1062 1077 1207 1127 αὐτοῖς
1228 1077 1468 1135 ἀναμιμνῃ-

66 1165 98 1190 15
120 1146 360 1201 σκομένοις,
380 1147 535 1201 ἡλίκην
554 1145 646 1189 ποτ’
674 1146 864 1201 ἐχόντων
886 1148 1075 1200 δύναμιν
1095 1149 1467 1201 Λακεδαιμονίων,

120 1217 161 1268 ἐξ
183 1214 235 1259 οὗ
256 1219 412 1273 χρόνος
433 1218 485 1259 οὐ
506 1218 655 1272 πολύς,
680 1219 736 1267 ὡς
758 1222 896 1267 καλῶς
917 1219 987 1260 καὶ
1008 1220 1313 1273 προσηκόντως
1334 1220 1466 1262 οὐδὲν

118 1287 299 1338 ἀνάξιον
335 1288 456 1341 ὑμεῖς
493 1287 702 1342 ἐπράξατε
737 1296 811 1342 τῆς
847 1290 1030 1343 πόλεως,
1068 1287 1159 1331 ἀλλ’
1200 1289 1459 1342 ὑπεμείναθ’

118 1358 227 1412 ὑπὲρ
254 1366 342 1400 τῶν
363 1360 544 1400 δικαίων
563 1360 641 1401 τὸν
660 1361 768 1413 πρὸς
790 1358 983 1409 ἐκείνους
1003 1362 1205 1412 πόλεμον.
1244 1362 1361 1411 τίνος
1382 1359 1465 1403 οὗν

47 1432 95 1468 41
118 1428 244 1471 ἕνεκα
278 1436 413 1471 ταῦτα
449 1429 577 1483 λέγω;
629 1427 684 1470 ἵν’
724 1428 853 1483 εἰδῆτ’
892 1427 923 1471 ὦ
957 1431 1112 1484 ἄνδρες
1139 1429 1362 1485 Ἀθηναῖοι
1394 1432 1464 1473 καὶ

64 1518 97 1542 20
117 1500 362 1554 θεάσησθε,
390 1501 455 1542 ὅτι
482 1500 614 1541 οὐδὲν
641 1501 740 1542 οὔτε
768 1501 1110 1554 φυλαττομένοις
1136 1501 1241 1553 ὑμῖν
1267 1501 1357 1544 ε’στι
1385 1518 1464 1556 φο-

117 1572 264 1625 βερόν,
291 1569 399 1626 οὔτ’,
425 1571 479 1612 ἂν
506 1571 755 1625 ὀλιγωρῆτε,
780 1578 983 1613 τοιοῦτον
1010 1566 1106 1614 οἷον
1133 1572 1186 1613 ἂν
1212 1572 1333 1625 ὑμεῖς
1360 1573 1464 1626 βού-

119 1645 285 1696 λοισθε,
309 1643 627 1696 παραδείγμασι
653 1643 867 1696 χρώμενοι
893 1650 944 1698 τῇ
964 1644 1059 1685 τότε
1080 1643 1200 1700 ῥώμῃ
1220 1650 1307 1684 τῶν
1327 1647 1464 1685 Λακε-

119 1712 372 1766 δαιμονίων,
397 1710 446 1766 ἧς
474 1710 677 1766 ἐκρατεῖτ’
712 1711 757 1753 ἐκ
783 1719 861 1754 τοῦ
882 1713 1112 1768 προσέχειν
1132 1721 1220 1763 τοῖς
1241 1714 1462 1767 πράγμασι

117 1783 196 1824 τὸν
220 1789 343 1837 νοῦν,
360 1783 440 1824 ·καὶ
466 1790 517 1838 τῇ
543 1789 628 1824 νῦν
654 1783 779 1836 ὕβρει
806 1784 977 1838 τούτου,
1003 1784 1060 1826 δι’
1090 1785 1145 1838 ἣν
1170 1787 1454 1839 ταραττόμεθ’

64 1870 96 1896 25
118 1851 163 1894 ἐκ
194 1859 272 1895 τοῦ
304 1855 441 1908 μηδὲν
473 1856 722 1908 φροντίζειν
754 1851 816 1895 ὧν
849 1853 990 1909 ἐχρῆν.
1035 1857 1071 1897 εἰ
1099 1855 1149 1897 δέ
1177 1872 1240 1905 τις
1272 1856 1396 1908 ὑμῶν
1428 1854 1460 1898 ὦ
1489 1870 1509 1899 4

115 1924 272 1978 ἄνδρες
303 1922 528 1978 Ἀθηναῖοι
576 1924 906 1978 δυσπολέμητον
948 1926 1083 1967 οἴεται
1122 1927 1200 1967 τὸν
1240 1928 1462 1968 Φίλιππον

116 1989 240 2048 εἶναι,
266 2002 441 2036 σκοπῶν
466 1996 513 2036 τό
540 2010 585 2036 τε
610 1998 779 2048 πλῆθος
805 2001 879 2048 τῆς
899 1995 1176 2050 ὑπαρχούσης
1198 1997 1313 2053 αὐτῷ
1329 1998 1461 2038 δυνά-

115 2080 224 2117 μεως
250 2065 321 2106 καὶ
346 2066 394 2106 τὸ
415 2066 467 2106 τὰ
486 2067 621 2120 χωρία
642 2063 764 2107 πάντ’
791 2065 1062 2108 ἀπολωλέναι
1082 2074 1133 2122 τῇ
1153 2069 1289 2121 πόλει,
1315 2068 1460 2121 ὀρθῶς

115 2135 194 2187 μὲν
226 2135 379 2189 οἴεται,
413 2136 664 2189 λογισάσθω
697 2136 845 2188 μέντοι
877 2135 1023 2191 τοῦθ’,
1055 2138 1119 2179 ὅτι
1153 2138 1324 2192 εἴχομέν
1350 2139 1453 2180 ποθ’

62 2222 95 2248 so
116 2206 235 2259 ἡμεῖς
268 2203 300 2246 ὦ
333 2207 489 2260 ἄνδρες
513 2204 738 2260 Ἀθηναῖοι
771 2207 959 2248 Πύδναν
991 2208 1061 2248 καὶ
1088 2210 1356 2250 Ποτείδαιαν
1387 2211 1458 2251 καὶ
