1689 2531
130 62 221 105 VIH]
469 62 584 94 ΠΕΡΙ
608 61 707 94 ΤΩΝ
731 62 795 94 EN
821 61 1132 94 ΧΕΡΡΟΝΗΣῼΙ
1418 61 1470 101 87

130 154 406 210 ἐπαινοῦμεν,
426 155 535 197 ἀλλὰ
556 157 851 210 βασκαίνομεν
870 157 941 197 καὶ
963 162 1209 208 σκοποῦμεν
1229 157 1383 210 πόθεν,
1403 157 1473 197 καὶ
1500 168 1543 198 22

129 228 172 268 τί
199 226 342 279 μέλλει
371 233 515 268 ποιεῖν
546 227 617 267 καὶ
643 226 784 268 πάντα
809 227 860 268 τὰ
891 228 1072 281 τοιαυτί,
1104 225 1212 281 οὔτ’,
1244 225 1472 281 ἐπειδήπερ

129 297 265 347 οὕτως
285 295 452 352 ἔχομεν,
475 298 528 338 τὰ
551 295 717 351 ἡμέτερ’
743 297 889 338 αὐτῶν
908 297 1114 352 πράττειν
1135 296 1358 352 ἐθέλομεν,
1376 295 1467 338 ἀλλ’

127 366 175 409 ἐν
199 368 279 420 μὲν
304 376 394 418 τοῖς
420 369 565 422 λόγοις
590 370 692 417 τοὺς
724 374 798 421 τῆς
824 369 987 418 πόλεως
1014 368 1218 423 λέγοντας
1244 366 1323 418 ἄξι’
1356 367 1474 410 ἐπαι-

89 456 105 481 5
125 445 307 493 νοῦμεν,
342 438 390 480 ἐν
425 439 473 480 δὲ
506 447 596 488 τοῖς
630 437 772 493 ἔργοις
804 446 894 489 τοῖς
927 438 1277 492 ἐναντιουμένοις
1302 440 1473 488 τούτοις

126 511 524 564 συναγωνιζόμεθα.
549 509 672 562 ὑμεῖς
692 510 771 562 μὲν
790 511 944 551 τοίνυν
965 508 1148 552 εἰώθαθ’
1175 509 1376 552 ἑκάστοτε
1395 511 1472 552 τὸν
1499 521 1543 552 23

123 578 319 635 παριόντ’
358 579 542 635 ἐρωτᾶν,
572 582 616 622 τί
640 578 721 622 οὖν
746 582 826 636 χρὴ
853 590 1014 632 ποιεῖν;
1048 580 1130 635 ἐγὼ
1163 579 1200 622 δ’
1231 581 1341 634 ὑμᾶς
1369 579 1472 635 ε’ρω-

123 657 250 704 τῆσαι
274 651 501 706 βούλομαι,
525 653 569 693 τί
587 649 668 693 οὖν
688 653 768 707 χρὴ
791 651 950 705 λέγειν;
979 654 1013 693 εἰ
1035 653 1116 706 γὰρ
1137 649 1231 705 μήτ’
1252 653 1472 705 εἰσοίσετε,

122 719 217 775 μήτ’
255 722 380 763 αὐτοὶ
418 723 756 777 στρατεύσεσθε,
793 725 898 776 μήτε
930 730 1017 764 τῶν
1049 730 1210 764 κοινῶν
1242 721 1471 776 ἀφέξεσθε,

18 781 19 785 ¹
70 810 104 835 ιο
123 794 228 846 μήτε
253 793 326 842 τὰς
354 792 577 842 συντάξεις
605 794 777 848 δώσετε,
802 791 906 847 μήθ’
934 791 996 835 ὅσ’
1024 793 1077 835 ἂν
1104 793 1220 851 αὑτῷ
1239 794 1469 847 πορίσηται

122 861 286 917 ἐάσετε,
310 865 415 917 μήτε
447 865 499 904 τὰ
525 862 692 918 ὑμέτερ’
725 864 870 905 αὐτῶν
889 864 1095 918 πράττειν
1122 863 1364 918 ἐθελήσετε,
1390 863 1470 905 οὐκ

121 931 202 988 ἔχω
228 935 272 975 τί
296 934 418 988 λέγω.
451 936 491 976 οἱ
518 936 600 989 γὰρ
627 936 708 989 ἤδη
729 935 948 988 τοσαύτην
978 934 1181 984 ἐξουσίαν
1212 942 1302 984 τοῖς
1335 936 1470 976 αἰτιᾶ-

122 1009 228 1046 σθαι
272 1006 344 1046 καὶ
382 1006 635 1060 διαβάλλειν
672 1005 957 1059 βουλομένοις
997 1006 1215 1060 διδόντες,
1251 1006 1361 1047 ὥστε
1398 1006 1468 1046 καὶ

119 1076 218 1130 περὶ
244 1072 306 1117 ὧν
332 1077 386 1117 ἄν
414 1088 522 1130 φασι
542 1076 715 1128 μέλλειν
736 1076 871 1118 αὐτὸν
891 1084 1046 1130 ποιεῖν,
1071 1077 1142 1117 καὶ
1167 1077 1265 1130 περὶ
1299 1076 1468 1118 τούτων

67 1163 99 1189 15
119 1148 568 1201 προκατηγορούντων
595 1147 840 1201 ἀκροᾶσθαι
860 1173 917 1176 -
937 1148 981 1189 τί
1004 1148 1059 1189 ἄν
1085 1163 1148 1197 τις
1176 1147 1312 1201 λέγοι;

169 1215 217 1258 Ὅ
236 1233 276 1259 τι
296 1219 450 1259 τοίνυν
471 1219 653 1259 δύναται
673 1224 808 1259 ταῦτα
828 1226 983 1272 ποιεῖν,
1004 1217 1146 1267 ἐνίους
1167 1222 1329 1270 μαθεῖν
1343 1218 1466 1270 ὑμῶν
1494 1230 1537 1260 24

120 1288 197 1329 δεῖ.
242 1287 346 1338 λέξω
383 1289 430 1330 δὲ
465 1289 569 1340 μετὰ
603 1291 861 1343 παρρησίας·
897 1289 967 1329 καὶ
999 1289 1081 1342 γὰρ
1115 1288 1206 1330 οὐδ’
1249 1288 1303 1329 ἂν
1329 1289 1467 1338 ἄλλως

120 1359 350 1412 δυναίμην.
389 1359 546 1408 πάντες
589 1360 684 1401 ὅσοι
722 1359 815 1401 ποτ’
858 1358 1170 1401 ἐκπεπλεύκασι
1205 1359 1313 1413 παρ’
1344 1360 1468 1411 ὑμῶν

47 1433 97 1468 96
119 1427 366 1486 στραΙτηγοί
400 1429 443 1485 (ἢ
475 1427 553 1483 ’γὼ
593 1430 775 1484 πάσχειν
814 1430 965 1471 ὁτιοῦν
1005 1429 1209 1484 τιμῶμαι)
1246 1431 1316 1471 καὶ
1351 1431 1467 1484 παρὰ

66 1517 100 1542 20
119 1501 242 1541 Χίων
268 1501 339 1541 καὶ
364 1498 463 1554 παρ’
490 1498 769 1554 Ἐρυθραίων
795 1502 866 1542 καὶ
892 1498 991 1554 παρ’
1024 1498 1086 1542 ὧν
1113 1500 1166 1542 ἂν
1192 1500 1363 1542 ἕκαστοι
1391 1501 1466 1541 ὀύ-

116 1586 279 1612 νωνται
295 1569 481 1626 (τούτων
501 1578 588 1612 τῶν
605 1569 836 1625 τὴνἈσίαν
851 1571 1092 1612 οἰκούντων
1108 1571 1250 1625 λέγω),
1270 1573 1464 1626 χρήματα

118 1641 401 1695 λαμβάνουσι.
423 1642 694 1695 λαμβάνουσι
711 1639 747 1683 δ’
769 1643 808 1683 οἱ
823 1642 903 1694 μὲν
918 1640 1087 1696 ἔχοντες
1101 1644 1206 1694 μιάν
1220 1641 1243 1695 ἢ
1261 1643 1341 1683 δύο
1356 1648 1463 1691 ναῦς
1492 1655 1533 1684 25

118 1711 343 1766 ἐλάττονα,
369 1713 409 1754 οἱ
437 1713 484 1754 δὲ
510 1716 634 1764 μείζω
658 1713 847 1765 δύναμιν
872 1714 1063 1754 πλείονα.
1096 1713 1166 1754 καὶ
1194 1714 1396 1754 διδόασιν
1423 1713 1462 1754 οἱ

117 1783 312 1832 διδόντες
340 1784 439 1825 οὔτε
465 1784 516 1824 τὰ
543 1784 673 1838 μικρὰ
699 1784 799 1825 οὔτε
826 1784 877 1824 τὰ
902 1784 1041 1825 πολλὰ
1067 1783 1160 1824 ἀντ’
1190 1783 1370 1832 οὐδενός
1392 1783 1463 1838 (οὐ

63 1870 96 1896 25
116 1854 198 1908 γὰρ
220 1853 332 1895 οὕτω
354 1854 615 1908 μαίνονται),
635 1852 726 1895 ἀλλ’
754 1854 996 1906 ὠνούμενοι
1016 1855 1071 1908 μὴ
1093 1854 1342 1895 ἀδικεῖσθαι
1362 1855 1463 1903 τοὺς

0 1923 3 1974 Ι
116 1922 215 1978 παρ’
255 1924 401 1966 αὐτῶν
433 1923 691 1974 ἐκπλέοντας
718 1923 951 1979 ἐμπόρους,
982 1927 1037 1979 μὴ
1065 1928 1303 1978 συλᾶσθαι,
1328 1939 1463 1977 παρα-

0 1981 3 2102 j
115 1995 365 2047 πέμπεσθαι
391 1996 443 2036 τὰ
469 1999 598 2036 πλοῖα
625 1997 675 2036 τὰ
703 1996 858 2049 αὐτῶν,
890 1996 941 2036 τα
967 2002 1163 2037 τοιαῦτα·
1190 1996 1297 2048 φασὶ
1324 1993 1360 2036 δ’
1394 1995 1463 2036 εὐ-

0 2182 1 2209 z

115 2067 238 2115 νοίας
265 2066 450 2120 διδόναι,
476 2067 545 2107 καὶ
572 2073 700 2108 τοῦτο
722 2064 897 2118 τοῦνομ’
924 2064 1008 2120 ἔχει
1030 2067 1080 2107 τὰ
1103 2068 1297 2119 λήμματα
1316 2072 1461 2108 ταῦτα.

114 2137 186 2178 καὶ
220 2137 272 2190 δὴ
307 2137 377 2178 καὶ
409 2143 495 2178 νῦν
526 2142 585 2193 τῷ
605 2139 839 2178 Διοπείθει
873 2135 1098 2191 στράτευμ’
1136 2135 1279 2191 ἔχοντι
1315 2144 1462 2190 σαφῶς
1489 2148 1532 2178 26

63 2223 98 2249 ³0
119 2207 209 2249 ἐστι
247 2214 374 2249 τοῦτο
414 2208 550 2261 δῆλον
588 2209 653 2249 ὅτι
693 2208 883 2249 δώσουσι
916 2210 1109 2263 χρήματα
1141 2208 1296 2256 πάντες
1323 2204 1461 2248 οὗτοι·
