1689 2531
73 93 130 137 1x]
511 93 638 126 ΚΑΤΑ
664 93 918 128 ΦΙΛΙΠΠΟΤ
942 94 974 125 Γ
1334 92 1417 134 109

71 187 212 242 ἡμῶν,
249 186 304 229 ἐῶ
335 188 488 243 τᾶλλα,
522 186 631 230 ἀλλὰ
661 190 945 244 Χερρονήσου
980 188 1061 243 τὴν
1091 190 1300 243 μεγίστην
1330 186 1418 243 ἔχει

71 259 202 300 πόλιν
233 260 452 312 Καρδίαν;
482 265 618 300 ταῦτα
648 260 803 301 τοίνυν
833 259 1071 314 πάσχοντες
1103 259 1288 310 ἅπαντες
1319 259 1418 312 μέλ-

73 333 204 382 λομεν
224 330 296 371 καὶ
308 331 631 383 μαλακιζόμεθα
650 331 722 372 καὶ
740 331 848 386 πρὸς
867 332 970 379 τοὺς
989 331 1177 384 πλησίον
1190 330 1420 385 βλέπομεν,

73 400 356 451 ἀπιστοῦντες
393 400 615 456 ἀλλήλοις,
651 401 704 443 οὐ
742 406 801 459 τῷ
832 401 996 450 πάντας
1033 401 1143 455 ἡμᾶς
1180 400 1419 444 ἀδικοῦντι.

36 491 52 517 5
71 473 211 514 καίτοι
242 473 320 514 τὸν
352 472 515 514 ἅπασιν
545 471 736 526 ἀσελγῶς
774 472 887 514 οὕτω
919 472 1145 527 χρώμενον
1181 473 1226 513 τί
1258 472 1420 527 οἴεσθε,

75 541 251 585 ἐπειδὰν
276 542 377 584 καθ’
409 542 467 584 ἕν’
507 544 629 598 ἡμῶν
654 542 836 585 ἑκάστου
862 543 1012 598 κύριος
1038 542 1228 598 γένηται,
1258 544 1303 584 τί
1325 557 1419 585 ποι-

72 615 214 667 η’σειν;

137 685 191 726 Τί
207 681 289 727 οὖν
309 685 451 726 αἴτιον
469 686 658 727 τουτωνί
667 704 676 736 ;
702 685 755 727 οὐ
775 685 857 739 γὰρ
878 686 983 727 ἄνευ
1005 686 1138 739 λόγου
1159 685 1230 726 καὶ
1251 685 1418 735 δικαίας

73 756 210 805 αἰτίας
243 756 343 798 οὔτε
373 755 470 797 τόθ’
503 755 640 806 οὕτως
671 751 791 811 εἶχον
823 755 1001 809 ἑτοίμως
1027 757 1135 810 πρὸς
1162 754 1420 811 ἐλευθερίαν

38 845 55 869 o
74 827 115 868 οἱ
132 824 345 881 “Ελληνες
371 827 472 869 οὔτε
497 833 582 868 νῦν
607 828 715 881 πρὸς
747 828 795 869 τὸ
823 827 1063 869 δουλεύειν.
1095 824 1151 880 ἦν
1175 842 1216 868 τι
1236 825 1341 882 τότ’,
1364 824 1420 881 ἦν

73 894 106 938 ὦ
141 897 297 952 ἄνδρες
316 895 536 951 Ἀθηναῖοι
578 896 626 939 ἐν
657 904 749 948 ταῖς
780 905 868 940 τῶν
904 901 1079 940 πολλῶν
1128 898 1359 952 διανοίαις,
1397 897 1419 939 ὃ

72 974 157 1010 νῦν
183 968 263 1010 οὐκ
288 967 420 1023 ἔστιν,
445 968 467 1009 ὃ
495 969 564 1009 καὶ
591 975 669 1010 τοῦ
696 973 884 1024 Περσῶν
910 968 1116 1024 ἐκράτησε
1135 969 1328 1010 πλούτου
1348 969 1420 1010 καὶ

73 1037 313 1094 ἐλευθέραν
338 1037 415 1095 ἦγε
441 1041 521 1092 τὴν
540 1037 727 1081 Ἑλλάδα
751 1041 823 1082 καὶ
850 1041 949 1082 οὔτε
968 1041 1208 1095 ναυμαχίας
1229 1040 1329 1082 οὔτε
1348 1054 1420 1081 πε-

73 1112 143 1164 ζῆς
167 1110 303 1166 μάχης
330 1111 534 1163 οὐδεμιᾶς
560 1111 728 1166 ἡττᾶτο,
752 1118 838 1153 νῦν
859 1109 894 1153 δ’
921 1110 1144 1160 ἀπολωλὸς
1166 1111 1334 1152 ἅπαντα
1355 1114 1420 1152 λε-

21 1199 53 1224 15
76 1181 291 1237 λύμανται
313 1182 385 1223 καὶ
406 1182 494 1223 ἄνω
516 1182 586 1223 καὶ
602 1181 716 1223 κάτω
730 1184 935 1236 πεποίηκε
949 1182 1090 1223 πάντα
1109 1182 1161 1222 τὰ
1181 1181 1420 1235 πράγματα.

75 1253 119 1293 τί
142 1249 224 1293 οὖν
249 1249 305 1305 ἧν
329 1258 479 1304 τοῦτο;
506 1254 622 1294 οὐδὲν
649 1256 827 1308 ποικίλον
854 1254 944 1295 οὐδὲ
967 1256 1102 1306 σοφόν,
1130 1251 1212 1294 ἀλλ’
1242 1255 1300 1293 ὅτι
1319 1253 1421 1301 τοὺς

73 1323 190 1377 παρὰ
214 1330 303 1364 τῶν
322 1323 472 1378 ἄρχειν
491 1323 774 1376 βουλομένων
793 1323 818 1377 ἢ
841 1324 1121 1378 διαφθείρειν
1139 1323 1220 1377 τὴν
1233 1321 1420 1365 Ἑλλάδα

73 1394 267 1447 χρήματα
287 1393 588 1447 λαμβάνοντας
609 1394 793 1443 ἅπαντες
814 1393 1007 1449 ἐμίσουν,
1026 1394 1097 1435 καὶ
1117 1394 1420 1448 χαλεπώτατον

73 1461 128 1517 ἦν
163 1465 212 1506 τὸ
249 1462 564 1519 δωροδοκοῦντ’
605 1463 884 1520 ἐλεγχθῆναι,
917 1466 988 1506 καὶ
1025 1466 1208 1521 τιμωρίᾳ
1241 1466 1420 1522 μεγίστῃ

20 1552 54 1578 20
73 1540 231 1576 τοῦτον
258 1534 472 1589 ἐκόλαζον,
498 1538 561 1576 καὶ
588 1539 816 1590 παραίτησις
843 1535 992 1589 οὐδεμί’
1016 1534 1066 1590 ἦν
1086 1537 1177 1577 οὐδὲ
1197 1538 1420 1590 συγγνώμη.

74 1605 152 1646 τὸν
178 1602 260 1647 οὗν
285 1606 440 1660 καιρὸν
466 1604 649 1647 ἑκάστου
676 1613 764 1647 τῶν
789 1605 1066 1660 πραγμάτων,
1092 1606 1144 1647 ὃν
1169 1606 1194 1660 ἡ
1221 1606 1327 1660 τύχη
1348 1607 1420 1648 καὶ

73 1682 163 1725 τοῖς
189 1675 397 1728 ἀμελοῦσι
422 1677 530 1717 κατὰ
555 1683 644 1717 τῶν
669 1677 977 1731 προσεχόντων
1003 1679 1067 1718 καὶ
1094 1683 1173 1727 τοῖς
1194 1679 1316 1730 μηδὲν
1336 1679 1420 1719 ἐθέ-

74 1752 184 1788 λουσι
215 1754 341 1789 ποιεῖν
379 1750 475 1788 κατὰ
507 1756 584 1788 τῶν
615 1746 740 1788 πάνθ’
770 1749 794 1787 ἂ
819 1750 1005 1801 προσήκει
1042 1750 1289 1801 πραττόντων
1314 1752 1418 1790 πολ-

33 1822 51 1857 1
76 1817 195 1867 λάκις
221 1818 544 1873 παρασκευάζει,
561 1817 565 1874 Ι
583 1818 662 1859 οὐκ
688 1815 743 1871 ἦν
769 1819 984 1871 πρίασθαι
1016 1819 1131 1873 παρὰ
1156 1825 1245 1860 τῶν
1272 1820 1420 1872 λεγόν-

21 1906 55 1932 25
75 1903 163 1929 των
188 1887 292 1930 οὐδὲ
317 1895 404 1929 τῶν
431 1889 812 1943 στρατηγούντων,
837 1888 941 1930 οὐδὲ
966 1889 1047 1943 τὴν
1072 1890 1179 1943 πρὸς
1207 1888 1420 1943 ἀλλήλους

75 1958 296 2013 ὁμόνοιαν,
323 1959 426 2000 οὐδὲ
451 1960 531 2013 τὴν
556 1960 663 2014 πρὸς
689 1961 790 2008 τοὺς
815 1959 1060 2014 τυράννους
1092 1961 1162 2001 καὶ
1187 1962 1289 2009 τοὺς
1315 1962 1419 2013 βαρ-

75 2028 238 2083 βάρους
275 2028 498 2084 ἀπιστίαν,
535 2027 628 2071 οὐδ’
673 2030 782 2078 ὅλως
820 2036 1021 2072 τοιοῦτον
1059 2030 1202 2072 οὐδέν.
1254 2036 1339 2071 νῦν
1378 2028 1415 2071 δ’

77 2097 237 2141 ἅπανθ’
269 2100 412 2154 ὥσπερ
441 2098 482 2150 ἐξ
510 2099 670 2154 ἀγορᾶς
691 2099 950 2154 ἐκπέπραται
976 2107 1123 2155 ταῦτα,
1149 2100 1422 2154 ἀντεισῆκται

77 2167 114 2211 δ’
146 2169 242 2212 ἀντὶ
268 2171 436 2212 τούτων
460 2168 535 2224 ὑφ’
568 2168 630 2212 ὧν
656 2170 852 2212 ἀπόλωλε
877 2171 948 2212 καὶ
967 2173 1204 2225 νενόσηκεν
1224 2169 1420 2225 ἡἙλλάς.

24 2257 57 2283 30
77 2247 211 2282 ταῦτα
243 2239 280 2282 δ’
320 2241 438 2283 ἐστὶν
468 2243 527 2292 τί;
561 2244 702 2296 ζῆλος,
733 2242 772 2283 εἴ
801 2257 864 2291 τις
896 2242 1075 2296 εἴληφέν
1100 2256 1156 2284 τι·
1190 2242 1337 2297 γέλως,
1368 2242 1423 2284 ἂν

1447 697 1489 728 36

1448 1264 1489 1295 37

1447 1617 1489 1648 38

1443 1760 1474 1784 11
1488 1760 1520 1784 23

1449 2042 1490 2072 39
