<?xml version="1.0" encoding="UTF-8"?>
<!DOCTYPE html PUBLIC "-//W3C//DTD XHTML 1.0 Transitional//EN"
    "http://www.w3.org/TR/xhtml1/DTD/xhtml1-transitional.dtd">
<html xmlns="http://www.w3.org/1999/xhtml" xml:lang="en" lang="en">
 <head>
  <title>
</title>
<meta http-equiv="Content-Type" content="text/html;charset=utf-8" />
  <meta name='ocr-system' content='tesseract 3.04.00' />
  <meta name='ocr-capabilities' content='ocr_page ocr_carea ocr_par ocr_line ocrx_word'/>
</head>
<body>
  <div class='ocr_page' id='page_1' title='image "./demosthenisorati0101demouoft_0010.png"; bbox 0 0 1653 2521; ppageno 0'>
   <div class='ocr_carea' id='block_1_1' title="bbox 124 56 917 97">
    <p class='ocr_par' dir='ltr' id='par_1_1' title="bbox 124 56 917 97">
     <span class='ocr_line' id='line_1_1' title="bbox 124 56 917 97; baseline 0 -8"><span class='ocrx_word' id='word_1_1' title='bbox 124 56 152 97; x_wconf 89' lang='lat'>4</span> <span class='ocrx_word' id='word_1_2' title='bbox 678 57 917 90; x_wconf 61' lang='lat' dir='ltr'><strong>AmAmo‘r</strong></span> 
     </span>
    </p>
   </div>
   <div class='ocr_carea' id='block_1_2' title="bbox 123 152 1475 338">
    <p class='ocr_par' dir='ltr' id='par_1_2' title="bbox 123 152 1475 338">
     <span class='ocr_line' id='line_1_2' title="bbox 123 152 1475 224; baseline 0.001 -31.01"><span class='ocrx_word' id='word_1_3' title='bbox 123 152 325 205; x_wconf 86' lang='grc' dir='ltr'><em>Ἑλλήνων</em></span> <span class='ocrx_word' id='word_1_4' title='bbox 359 155 425 194; x_wconf 83' lang='grc' dir='ltr'><em>καὶ</em></span> <span class='ocrx_word' id='word_1_5' title='bbox 459 156 645 208; x_wconf 80' lang='grc' dir='ltr'><em>μεγίστην</em></span> <span class='ocrx_word' id='word_1_6' title='bbox 681 156 852 205; x_wconf 89' lang='grc' dir='ltr'><em>δύναμιν</em></span> <span class='ocrx_word' id='word_1_7' title='bbox 886 154 1044 206; x_wconf 75' lang='grc' dir='ltr'><em>ἔχοντας</em></span> <span class='ocrx_word' id='word_1_8' title='bbox 1078 153 1121 194; x_wconf 78' lang='grc' dir='ltr'><em>ἐν</em></span> <span class='ocrx_word' id='word_1_9' title='bbox 1155 155 1372 208; x_wconf 78' lang='grc' dir='ltr'><strong><em>Λεύκτροις</em></strong></span> <span class='ocrx_word' id='word_1_10' title='bbox 1406 162 1475 224; x_wconf 85' lang='grc' dir='ltr'><em>τῆς</em></span> 
     </span>
     <span class='ocr_line' id='line_1_3' title="bbox 124 219 1464 300; baseline 0.001 -42"><span class='ocrx_word' id='word_1_11' title='bbox 124 220 314 267; x_wconf 86' lang='grc' dir='ltr'><strong><em>Βοιωτίας</em></strong></span> <span class='ocrx_word' id='word_1_12' title='bbox 341 221 443 298; x_wconf 82' lang='grc' dir='ltr'><em>μάχῃ</em></span> <span class='ocrx_word' id='word_1_13' title='bbox 470 221 698 271; x_wconf 88' lang='grc' dir='ltr'><em>νικησαντες</em></span> <span class='ocrx_word' id='word_1_14' title='bbox 724 219 836 259; x_wconf 81' lang='grc' dir='ltr'><em>αὐτοὶ</em></span> <span class='ocrx_word' id='word_1_15' title='bbox 861 223 1069 272; x_wconf 78' lang='grc' dir='ltr'><em>προῆλθον</em></span> <span class='ocrx_word' id='word_1_16' title='bbox 1095 220 1150 267; x_wconf 88' lang='grc' dir='ltr'><em>εἰς</em></span> <span class='ocrx_word' id='word_1_17' title='bbox 1170 220 1300 300; x_wconf 53' lang='grc' dir='ltr'><em>ἰσχύν,</em></span> <span class='ocrx_word' id='word_1_18' title='bbox 1313 220 1378 260; x_wconf 82' lang='grc' dir='ltr'><em>καὶ</em></span> <span class='ocrx_word' id='word_1_19' title='bbox 1397 236 1464 272; x_wconf 90' lang='grc' dir='ltr'><em>μετ</em></span> 
     </span>
     <span class='ocr_line' id='line_1_4' title="bbox 124 281 1475 338; baseline 0.001 -14"><span class='ocrx_word' id='word_1_20' title='bbox 124 284 256 337; x_wconf 85' lang='grc' dir='ltr'><em>ὀλίγον</em></span> <span class='ocrx_word' id='word_1_21' title='bbox 285 285 383 338; x_wconf 86' lang='grc' dir='ltr'><em>πρὸς</em></span> <span class='ocrx_word' id='word_1_22' title='bbox 412 285 575 332; x_wconf 83' lang='grc' dir='ltr'><strong><em>Φωκέας</em></strong></span> <span class='ocrx_word' id='word_1_23' title='bbox 601 287 770 336; x_wconf 89' lang='grc' dir='ltr'><em>πόλεμον</em></span> <span class='ocrx_word' id='word_1_24' title='bbox 805 284 1028 337; x_wconf 78' lang='grc' dir='ltr'><em>ἐξήνεγκαν.</em></span> <span class='ocrx_word' id='word_1_25' title='bbox 1067 281 1166 337; x_wconf 77' lang='grc' dir='ltr'><em>ἦσαν</em></span> <span class='ocrx_word' id='word_1_26' title='bbox 1193 282 1228 324; x_wconf 86' lang='grc' dir='ltr'><em>δ’</em></span> <span class='ocrx_word' id='word_1_27' title='bbox 1259 286 1300 325; x_wconf 83' lang='grc' dir='ltr'><em>οἷ</em></span> <span class='ocrx_word' id='word_1_28' title='bbox 1324 289 1475 334; x_wconf 86' lang='grc' dir='ltr'><strong><em>Φωκεῖς</em></strong></span> 
     </span>
    </p>
   </div>
   <div class='ocr_carea' id='block_1_3' title="bbox 122 347 1516 467">
    <p class='ocr_par' dir='ltr' id='par_1_3' title="bbox 122 347 1516 467">
     <span class='ocr_line' id='line_1_5' title="bbox 122 347 1516 405; baseline 0 -16"><span class='ocrx_word' id='word_1_29' title='bbox 122 351 241 398; x_wconf 78' lang='grc' dir='ltr'><em>ἔθνος</em></span> <span class='ocrx_word' id='word_1_30' title='bbox 267 350 413 403; x_wconf 78' lang='grc' dir='ltr'><em>ὅμορον</em></span> <span class='ocrx_word' id='word_1_31' title='bbox 444 354 491 403; x_wconf 77' lang='grc' dir='ltr'><em>τῇ</em></span> <span class='ocrx_word' id='word_1_32' title='bbox 521 347 525 405; x_wconf 83' lang='grc' dir='ltr'>Ι</span> <span class='ocrx_word' id='word_1_33' title='bbox 554 351 733 404; x_wconf 73' lang='grc' dir='ltr'><em>Βοιωτία,</em></span> <span class='ocrx_word' id='word_1_34' title='bbox 758 350 889 397; x_wconf 87' lang='grc' dir='ltr'><em>πόλεις</em></span> <span class='ocrx_word' id='word_1_35' title='bbox 914 349 1002 402; x_wconf 75' lang='grc' dir='ltr'><em>ἕχον</em></span> <span class='ocrx_word' id='word_1_36' title='bbox 1029 350 1100 390; x_wconf 89' lang='grc' dir='ltr'><em>δύο</em></span> <span class='ocrx_word' id='word_1_37' title='bbox 1126 349 1192 389; x_wconf 87' lang='grc' dir='ltr'><em>καὶ</em></span> <span class='ocrx_word' id='word_1_38' title='bbox 1218 351 1375 390; x_wconf 87' lang='grc' dir='ltr'><em>εἴκοσιν.</em></span> <span class='ocrx_word' id='word_1_39' title='bbox 1407 347 1472 391; x_wconf 81' lang='grc' dir='ltr'><em>οὗ·</em></span> <span class='ocrx_word' id='word_1_40' title='bbox 1493 354 1516 389; x_wconf 85' lang='grc'><strong>5</strong></span> 
     </span>
     <span class='ocr_line' id='line_1_6' title="bbox 122 413 1510 467; baseline 0.003 -13"><span class='ocrx_word' id='word_1_41' title='bbox 122 431 180 455; x_wconf 88' lang='grc' dir='ltr'><em>τοι</em></span> <span class='ocrx_word' id='word_1_42' title='bbox 205 415 486 467; x_wconf 79' lang='grc' dir='ltr'><em>καταλαβόντες</em></span> <span class='ocrx_word' id='word_1_43' title='bbox 511 416 579 455; x_wconf 89' lang='grc' dir='ltr'><em>τὸν</em></span> <span class='ocrx_word' id='word_1_44' title='bbox 605 421 674 455; x_wconf 88' lang='grc' dir='ltr'><em>τοῦ</em></span> <span class='ocrx_word' id='word_1_45' title='bbox 709 415 874 454; x_wconf 87' lang='grc' dir='ltr'><em>Πυθίου</em></span> <span class='ocrx_word' id='word_1_46' title='bbox 910 415 1008 454; x_wconf 90' lang='grc' dir='ltr'><em>ναὸν</em></span> <span class='ocrx_word' id='word_1_47' title='bbox 1033 416 1200 467; x_wconf 81' lang='grc' dir='ltr'><em>πλησίον</em></span> <span class='ocrx_word' id='word_1_48' title='bbox 1226 413 1309 455; x_wconf 82' lang='grc' dir='ltr'><em>ὄντ’</em></span> <span class='ocrx_word' id='word_1_49' title='bbox 1338 415 1475 467; x_wconf 85' lang='grc' dir='ltr'><em>ἐσύλη-</em></span> <span class='ocrx_word' id='word_1_50' title='bbox 1495 432 1510 458; x_wconf 83' lang='grc'>5</span> 
     </span>
    </p>
   </div>
   <div class='ocr_carea' id='block_1_4' title="bbox 121 476 1478 1381">
    <p class='ocr_par' dir='ltr' id='par_1_4' title="bbox 121 476 1478 1381">
     <span class='ocr_line' id='line_1_7' title="bbox 123 476 1475 534; baseline 0.001 -14"><span class='ocrx_word' id='word_1_51' title='bbox 123 491 213 520; x_wconf 85' lang='grc' dir='ltr'><em>σαν·</em></span> <span class='ocrx_word' id='word_1_52' title='bbox 239 476 336 519; x_wconf 85' lang='grc' dir='ltr'><em>ἀνθ’</em></span> <span class='ocrx_word' id='word_1_53' title='bbox 374 481 466 521; x_wconf 80' lang='grc' dir='ltr'><em>ὅτου</em></span> <span class='ocrx_word' id='word_1_54' title='bbox 492 480 558 520; x_wconf 82' lang='grc' dir='ltr'><em>καὶ</em></span> <span class='ocrx_word' id='word_1_55' title='bbox 584 481 624 520; x_wconf 87' lang='grc' dir='ltr'><em>οἱ</em></span> <span class='ocrx_word' id='word_1_56' title='bbox 651 482 820 532; x_wconf 85' lang='grc' dir='ltr'><em>Θηβαῖοι</em></span> <span class='ocrx_word' id='word_1_57' title='bbox 846 480 1017 531; x_wconf 87' lang='grc' dir='ltr'><em>πόλεμον</em></span> <span class='ocrx_word' id='word_1_58' title='bbox 1043 477 1257 533; x_wconf 81' lang='grc' dir='ltr'><em>ἐξήνεγκαν</em></span> <span class='ocrx_word' id='word_1_59' title='bbox 1281 481 1379 534; x_wconf 88' lang='grc' dir='ltr'><em>πρὸς</em></span> <span class='ocrx_word' id='word_1_60' title='bbox 1403 481 1475 521; x_wconf 81' lang='grc' dir='ltr'><em>αὐ-</em></span> 
     </span>
     <span class='ocr_line' id='line_1_8' title="bbox 121 541 1474 598; baseline 0 -13"><span class='ocrx_word' id='word_1_61' title='bbox 121 547 224 593; x_wconf 90' lang='grc' dir='ltr'><em>τούς.</em></span> <span class='ocrx_word' id='word_1_62' title='bbox 263 545 480 596; x_wconf 70' lang='grc' dir='ltr'><em>ἐπολέμουν</em></span> <span class='ocrx_word' id='word_1_63' title='bbox 516 544 556 584; x_wconf 81' lang='grc' dir='ltr'><em>δὲ</em></span> <span class='ocrx_word' id='word_1_64' title='bbox 583 545 648 584; x_wconf 83' lang='grc' dir='ltr'><em>καὶ</em></span> <span class='ocrx_word' id='word_1_65' title='bbox 669 541 882 596; x_wconf 84' lang='grc' dir='ltr'><em>Ἀθηναῖοι</em></span> <span class='ocrx_word' id='word_1_66' title='bbox 916 546 983 585; x_wconf 91' lang='grc' dir='ltr'><em>τὸν</em></span> <span class='ocrx_word' id='word_1_67' title='bbox 1009 546 1251 598; x_wconf 84' lang='grc' dir='ltr'><em>συμμαχικὸν</em></span> <span class='ocrx_word' id='word_1_68' title='bbox 1278 545 1474 597; x_wconf 80' lang='grc' dir='ltr'><em>κληθέντα</em></span> 
     </span>
     <span class='ocr_line' id='line_1_9' title="bbox 123 607 1475 663; baseline 0.001 -13"><span class='ocrx_word' id='word_1_69' title='bbox 123 612 312 663; x_wconf 88' lang='grc' dir='ltr'><em>πόλεμον·</em></span> <span class='ocrx_word' id='word_1_70' title='bbox 341 612 435 650; x_wconf 84' lang='grc' dir='ltr'><em>Χῖοι</em></span> <span class='ocrx_word' id='word_1_71' title='bbox 461 611 533 663; x_wconf 83' lang='grc' dir='ltr'><em>γὰρ</em></span> <span class='ocrx_word' id='word_1_72' title='bbox 560 610 625 650; x_wconf 82' lang='grc' dir='ltr'><em>καὶ</em></span> <span class='ocrx_word' id='word_1_73' title='bbox 641 607 781 651; x_wconf 87' lang='grc' dir='ltr'><em>Ῥόδιοι</em></span> <span class='ocrx_word' id='word_1_74' title='bbox 807 610 872 649; x_wconf 81' lang='grc' dir='ltr'><em>καὶ</em></span> <span class='ocrx_word' id='word_1_75' title='bbox 891 611 1098 658; x_wconf 79' lang='grc' dir='ltr'><em>Βυζάντιοι</em></span> <span class='ocrx_word' id='word_1_76' title='bbox 1118 612 1238 650; x_wconf 89' lang='grc' dir='ltr'><em>πάλαι</em></span> <span class='ocrx_word' id='word_1_77' title='bbox 1256 608 1343 651; x_wconf 81' lang='grc' dir='ltr'><em>ποτ’</em></span> <span class='ocrx_word' id='word_1_78' title='bbox 1367 610 1475 659; x_wconf 83' lang='grc' dir='ltr'><em>ὄντες</em></span> 
     </span>
     <span class='ocr_line' id='line_1_10' title="bbox 124 672 1476 727; baseline -0.001 -11"><span class='ocrx_word' id='word_1_79' title='bbox 124 676 294 727; x_wconf 71' lang='grc' dir='ltr'><em>Δὑπήκοοι</em></span> <span class='ocrx_word' id='word_1_80' title='bbox 326 683 403 715; x_wconf 86' lang='grc' dir='ltr'><em>τῶν</em></span> <span class='ocrx_word' id='word_1_81' title='bbox 437 672 685 727; x_wconf 78' lang='grc' dir='ltr'><em>Ἀθηναίων,</em></span> <span class='ocrx_word' id='word_1_82' title='bbox 711 676 792 716; x_wconf 89' lang='grc' dir='ltr'><em>τότε</em></span> <span class='ocrx_word' id='word_1_83' title='bbox 834 672 912 727; x_wconf 80' lang='grc' dir='ltr'><em>μετ’</em></span> <span class='ocrx_word' id='word_1_84' title='bbox 953 675 1129 727; x_wconf 83' lang='grc' dir='ltr'><em>ἀλλήλων</em></span> <span class='ocrx_word' id='word_1_85' title='bbox 1165 677 1370 725; x_wconf 80' lang='grc' dir='ltr'><em>συστάντες</em></span> <span class='ocrx_word' id='word_1_86' title='bbox 1410 676 1476 716; x_wconf 87' lang='grc' dir='ltr'><em>καὶ</em></span> 
     </span>
     <span class='ocr_line' id='line_1_11' title="bbox 124 740 1476 794; baseline 0 -14"><span class='ocrx_word' id='word_1_87' title='bbox 124 743 346 794; x_wconf 83' lang='grc' dir='ltr'><em>συμμαχίαν</em></span> <span class='ocrx_word' id='word_1_88' title='bbox 380 742 659 792; x_wconf 87' lang='grc' dir='ltr'><em>ποιησάμενοι,</em></span> <span class='ocrx_word' id='word_1_89' title='bbox 694 741 792 794; x_wconf 90' lang='grc' dir='ltr'><em>πρὸς</em></span> <span class='ocrx_word' id='word_1_90' title='bbox 827 741 971 789; x_wconf 83' lang='grc' dir='ltr'><em>αὐτοὺς</em></span> <span class='ocrx_word' id='word_1_91' title='bbox 1005 740 1231 793; x_wconf 80' lang='grc' dir='ltr'><em>ἐπολέμουν.</em></span> <span class='ocrx_word' id='word_1_92' title='bbox 1275 741 1340 781; x_wconf 86' lang='grc' dir='ltr'><em>καὶ</em></span> <span class='ocrx_word' id='word_1_93' title='bbox 1375 742 1476 781; x_wconf 77' lang='grc' dir='ltr'><em>οὕτω</em></span> 
     </span>
     <span class='ocr_line' id='line_1_12' title="bbox 124 803 1478 862; baseline -0.001 -15"><span class='ocrx_word' id='word_1_94' title='bbox 124 806 195 858; x_wconf 87' lang='grc' dir='ltr'><em>μὲν</em></span> <span class='ocrx_word' id='word_1_95' title='bbox 222 806 245 858; x_wconf 84' lang='grc' dir='ltr'>ἡ</span> <span class='ocrx_word' id='word_1_96' title='bbox 269 804 407 855; x_wconf 80' lang='grc' dir='ltr'><em>Ἑλλὰς</em></span> <span class='ocrx_word' id='word_1_97' title='bbox 427 808 482 854; x_wconf 88' lang='grc' dir='ltr'><em>εἰς</em></span> <span class='ocrx_word' id='word_1_98' title='bbox 501 807 625 846; x_wconf 80' lang='grc' dir='ltr'><em>πολλὰ</em></span> <span class='ocrx_word' id='word_1_99' title='bbox 645 806 741 859; x_wconf 88' lang='grc' dir='ltr'><em>μέρη</em></span> <span class='ocrx_word' id='word_1_100' title='bbox 763 805 939 862; x_wconf 81' lang='grc' dir='ltr'><em>διῄρητο,</em></span> <span class='ocrx_word' id='word_1_101' title='bbox 957 803 1183 858; x_wconf 83' lang='grc' dir='ltr'><em>Ἀθηναίων</em></span> <span class='ocrx_word' id='word_1_102' title='bbox 1203 807 1478 858; x_wconf 77' lang='grc' dir='ltr'><em>πολεμούντων</em></span> 
     </span>
     <span class='ocr_line' id='line_1_13' title="bbox 126 871 1478 925; baseline 0 -14"><span class='ocrx_word' id='word_1_103' title='bbox 126 873 223 925; x_wconf 86' lang='grc' dir='ltr'><em>πρὸς</em></span> <span class='ocrx_word' id='word_1_104' title='bbox 249 873 340 920; x_wconf 85' lang='grc' dir='ltr'><em>τοὺς</em></span> <span class='ocrx_word' id='word_1_105' title='bbox 365 871 674 924; x_wconf 76' lang='grc' dir='ltr'><em>προειρημένους</em></span> <span class='ocrx_word' id='word_1_106' title='bbox 699 871 765 912; x_wconf 83' lang='grc' dir='ltr'><em>καὶ</em></span> <span class='ocrx_word' id='word_1_107' title='bbox 789 873 976 924; x_wconf 87' lang='grc' dir='ltr'><em>Θηβαίων</em></span> <span class='ocrx_word' id='word_1_108' title='bbox 1000 873 1099 923; x_wconf 87' lang='grc' dir='ltr'><em>πρὸς</em></span> <span class='ocrx_word' id='word_1_109' title='bbox 1121 872 1283 920; x_wconf 83' lang='grc' dir='ltr'><strong><em>Φωκέας</em></strong></span> <span class='ocrx_word' id='word_1_110' title='bbox 1307 872 1373 912; x_wconf 84' lang='grc' dir='ltr'><em>καὶ</em></span> <span class='ocrx_word' id='word_1_111' title='bbox 1392 876 1478 911; x_wconf 91' lang='grc' dir='ltr'><em>Λα-</em></span> 
     </span>
     <span class='ocr_line' id='line_1_14' title="bbox 128 936 1478 989; baseline -0.001 -12"><span class='ocrx_word' id='word_1_112' title='bbox 128 939 388 989; x_wconf 84' lang='grc' dir='ltr'><em>κεδαιμονίων</em></span> <span class='ocrx_word' id='word_1_113' title='bbox 408 937 505 989; x_wconf 87' lang='grc' dir='ltr'><em>πρὸς</em></span> <span class='ocrx_word' id='word_1_114' title='bbox 526 938 885 988; x_wconf 86' lang='grc' dir='ltr'><em>Πελοποννησίους.</em></span> <span class='ocrx_word' id='word_1_115' title='bbox 911 937 1008 976; x_wconf 84' lang='grc' dir='ltr'><em>κατὰ</em></span> <span class='ocrx_word' id='word_1_116' title='bbox 1035 936 1074 976; x_wconf 82' lang='grc' dir='ltr'><em>δὲ</em></span> <span class='ocrx_word' id='word_1_117' title='bbox 1094 944 1234 977; x_wconf 88' lang='grc' dir='ltr'><em>τοῦτον</em></span> <span class='ocrx_word' id='word_1_118' title='bbox 1253 937 1320 977; x_wconf 89' lang='grc' dir='ltr'><em>τὸν</em></span> <span class='ocrx_word' id='word_1_119' title='bbox 1340 937 1478 989; x_wconf 88' lang='grc' dir='ltr'><em>καιρὸν</em></span> 
     </span>
     <span class='ocr_line' id='line_1_15' title="bbox 128 999 1477 1055; baseline -0.001 -13"><span class='ocrx_word' id='word_1_120' title='bbox 128 1004 324 1050; x_wconf 86' lang='grc' dir='ltr'><em>Φίλιππος</em></span> <span class='ocrx_word' id='word_1_121' title='bbox 351 1002 370 1043; x_wconf 87' lang='grc' dir='ltr'>ὁ</span> <span class='ocrx_word' id='word_1_122' title='bbox 389 999 582 1054; x_wconf 79' lang='grc' dir='ltr'><em>Ἀμύντου</em></span> <span class='ocrx_word' id='word_1_123' title='bbox 609 1006 701 1050; x_wconf 84' lang='grc' dir='ltr'><em>παῖς</em></span> <span class='ocrx_word' id='word_1_124' title='bbox 720 1003 774 1050; x_wconf 88' lang='grc' dir='ltr'><em>εἰς</em></span> <span class='ocrx_word' id='word_1_125' title='bbox 794 1003 866 1053; x_wconf 81' lang='grc' dir='ltr'><em>τὴν</em></span> <span class='ocrx_word' id='word_1_126' title='bbox 888 1002 1138 1041; x_wconf 80' lang='grc' dir='ltr'><em>Μακεδόνων</em></span> <span class='ocrx_word' id='word_1_127' title='bbox 1157 1003 1359 1054; x_wconf 87' lang='grc' dir='ltr'><em>βασιλείαν</em></span> <span class='ocrx_word' id='word_1_128' title='bbox 1378 1017 1477 1055; x_wconf 87' lang='grc' dir='ltr'><em>παρ-</em></span> 
     </span>
     <span class='ocr_line' id='line_1_16' title="bbox 125 1065 1475 1123; baseline -0.001 -16"><span class='ocrx_word' id='word_1_129' title='bbox 125 1072 260 1120; x_wconf 82' lang='grc' dir='ltr'><em>ῆλθεν.</em></span> <span class='ocrx_word' id='word_1_130' title='bbox 297 1065 470 1123; x_wconf 77' lang='grc' dir='ltr'><em>Ἀμύντᾳ</em></span> <span class='ocrx_word' id='word_1_131' title='bbox 500 1067 572 1120; x_wconf 79' lang='grc' dir='ltr'><em>γὰρ</em></span> <span class='ocrx_word' id='word_1_132' title='bbox 609 1072 659 1123; x_wconf 82' lang='grc' dir='ltr'><em>τῷ</em></span> <span class='ocrx_word' id='word_1_133' title='bbox 688 1068 946 1115; x_wconf 78' lang='grc' dir='ltr'><em>Μακεδονίας</em></span> <span class='ocrx_word' id='word_1_134' title='bbox 982 1069 1136 1119; x_wconf 85' lang='grc' dir='ltr'><em>βασιλεῖ</em></span> <span class='ocrx_word' id='word_1_135' title='bbox 1164 1071 1264 1121; x_wconf 84' lang='grc' dir='ltr'><em>τρεῖς</em></span> <span class='ocrx_word' id='word_1_136' title='bbox 1299 1066 1475 1120; x_wconf 85' lang='grc' dir='ltr'><em>ἐγένοντο</em></span> 
     </span>
     <span class='ocr_line' id='line_1_17' title="bbox 125 1129 1477 1185; baseline -0.001 -12"><span class='ocrx_word' id='word_1_137' title='bbox 125 1134 261 1181; x_wconf 87' lang='grc' dir='ltr'><em>παῖδες</em></span> <span class='ocrx_word' id='word_1_138' title='bbox 287 1133 324 1181; x_wconf 76' lang='grc' dir='ltr'><em>ἐξ</em></span> <span class='ocrx_word' id='word_1_139' title='bbox 353 1133 583 1185; x_wconf 77' lang='grc' dir='ltr'><em>Εὐρυδίκης</em></span> <span class='ocrx_word' id='word_1_140' title='bbox 615 1140 684 1185; x_wconf 82' lang='grc' dir='ltr'><em>τῆς</em></span> <span class='ocrx_word' id='word_1_141' title='bbox 706 1129 926 1185; x_wconf 78' lang='grc' dir='ltr'><em>Ἰλλυρίδος,</em></span> <span class='ocrx_word' id='word_1_142' title='bbox 949 1129 1216 1185; x_wconf 73' lang='grc' dir='ltr'><em>Ἀλέξανδρος,</em></span> <span class='ocrx_word' id='word_1_143' title='bbox 1242 1133 1477 1185; x_wconf 85' lang='grc' dir='ltr'><em>Περδίκκας,</em></span> 
     </span>
     <span class='ocr_line' id='line_1_18' title="bbox 131 1195 1478 1250; baseline -0.001 -13"><span class='ocrx_word' id='word_1_144' title='bbox 131 1200 339 1246; x_wconf 87' lang='grc' dir='ltr'><em>Φίλιππος.</em></span> <span class='ocrx_word' id='word_1_145' title='bbox 366 1199 515 1238; x_wconf 85' lang='grc' dir='ltr'><em>τούτων</em></span> <span class='ocrx_word' id='word_1_146' title='bbox 542 1196 562 1237; x_wconf 81' lang='grc' dir='ltr'><em>ὃ</em></span> <span class='ocrx_word' id='word_1_147' title='bbox 589 1197 660 1250; x_wconf 83' lang='grc' dir='ltr'><em>μὲν</em></span> <span class='ocrx_word' id='word_1_148' title='bbox 691 1199 956 1250; x_wconf 84' lang='grc' dir='ltr'><em>πρεσβύτατος</em></span> <span class='ocrx_word' id='word_1_149' title='bbox 977 1195 1228 1247; x_wconf 77' lang='grc' dir='ltr'><em>Ἀλέξανδρος</em></span> <span class='ocrx_word' id='word_1_150' title='bbox 1256 1198 1478 1248; x_wconf 89' lang='grc' dir='ltr'><em>δολοφονη-</em></span> 
     </span>
     <span class='ocr_line' id='line_1_19' title="bbox 127 1259 1474 1316; baseline -0.001 -13"><span class='ocrx_word' id='word_1_151' title='bbox 127 1263 214 1311; x_wconf 84' lang='grc' dir='ltr'><em>θεὶς</em></span> <span class='ocrx_word' id='word_1_152' title='bbox 240 1263 495 1314; x_wconf 81' lang='grc' dir='ltr'><em>ἐτελεύτησεν,</em></span> <span class='ocrx_word' id='word_1_153' title='bbox 523 1262 542 1302; x_wconf 86' lang='grc' dir='ltr'>ὁ</span> <span class='ocrx_word' id='word_1_154' title='bbox 571 1262 610 1303; x_wconf 84' lang='grc' dir='ltr'><em>δὲ</em></span> <span class='ocrx_word' id='word_1_155' title='bbox 638 1264 861 1316; x_wconf 85' lang='grc' dir='ltr'><em>Περδίκκας</em></span> <span class='ocrx_word' id='word_1_156' title='bbox 887 1263 983 1315; x_wconf 89' lang='grc' dir='ltr'><em>πρὸς</em></span> <span class='ocrx_word' id='word_1_157' title='bbox 1006 1259 1219 1315; x_wconf 80' lang='grc' dir='ltr'><em>Ἰλλυριοὺς</em></span> <span class='ocrx_word' id='word_1_158' title='bbox 1245 1262 1474 1314; x_wconf 85' lang='grc' dir='ltr'><em>μαχόμενος·</em></span> 
     </span>
     <span class='ocr_line' id='line_1_20' title="bbox 131 1325 1477 1381; baseline -0.002 -13"><span class='ocrx_word' id='word_1_159' title='bbox 131 1331 326 1376; x_wconf 81' lang='grc' dir='ltr'><em>Φίλιππος</em></span> <span class='ocrx_word' id='word_1_160' title='bbox 348 1326 386 1368; x_wconf 83' lang='grc' dir='ltr'><em>δ’</em></span> <span class='ocrx_word' id='word_1_161' title='bbox 411 1328 430 1368; x_wconf 87' lang='grc' dir='ltr'>ὀ</span> <span class='ocrx_word' id='word_1_162' title='bbox 450 1330 639 1377; x_wconf 85' lang='grc' dir='ltr'><em>νεώτατος</em></span> <span class='ocrx_word' id='word_1_163' title='bbox 659 1328 839 1381; x_wconf 81' lang='grc' dir='ltr'><em>ἐτύγχανε</em></span> <span class='ocrx_word' id='word_1_164' title='bbox 861 1327 931 1380; x_wconf 80' lang='grc' dir='ltr'><em>μὲν</em></span> <span class='ocrx_word' id='word_1_165' title='bbox 951 1327 993 1367; x_wconf 84' lang='grc' dir='ltr'><em>έν</em></span> <span class='ocrx_word' id='word_1_166' title='bbox 1016 1329 1167 1379; x_wconf 87' lang='grc' dir='ltr'><em>Θήβαις</em></span> <span class='ocrx_word' id='word_1_167' title='bbox 1187 1327 1404 1379; x_wconf 84' lang='grc' dir='ltr'><em>ὁμηρεύων,</em></span> <span class='ocrx_word' id='word_1_168' title='bbox 1425 1325 1477 1375; x_wconf 82' lang='grc' dir='ltr'><em>ὡς</em></span> 
     </span>
    </p>
   </div>
   <div class='ocr_carea' id='block_1_5' title="bbox 128 1390 1575 1447">
    <p class='ocr_par' dir='ltr' id='par_1_5' title="bbox 128 1390 1575 1447">
     <span class='ocr_line' id='line_1_21' title="bbox 128 1390 1575 1447; baseline 0 -14"><span class='ocrx_word' id='word_1_169' title='bbox 128 1391 164 1433; x_wconf 89' lang='grc' dir='ltr'><em>δ’</em></span> <span class='ocrx_word' id='word_1_170' title='bbox 183 1393 352 1433; x_wconf 82' lang='grc' dir='ltr'><em>ἐπύθετο</em></span> <span class='ocrx_word' id='word_1_171' title='bbox 366 1394 434 1433; x_wconf 90' lang='grc' dir='ltr'><em>τὸν</em></span> <span class='ocrx_word' id='word_1_172' title='bbox 450 1395 673 1447; x_wconf 80' lang='grc' dir='ltr'><em>Περδίκκου</em></span> <span class='ocrx_word' id='word_1_173' title='bbox 689 1395 880 1445; x_wconf 85' lang='grc' dir='ltr'><em>θάνατον,</em></span> <span class='ocrx_word' id='word_1_174' title='bbox 895 1392 1123 1441; x_wconf 80' lang='grc' dir='ltr'><em>ὑπεξελθὼν</em></span> <span class='ocrx_word' id='word_1_175' title='bbox 1137 1393 1266 1447; x_wconf 75' lang='grc' dir='ltr'><em>λάθρα</em></span> <span class='ocrx_word' id='word_1_176' title='bbox 1281 1391 1346 1431; x_wconf 88' lang='grc' dir='ltr'><em>καὶ</em></span> <span class='ocrx_word' id='word_1_177' title='bbox 1361 1390 1477 1440; x_wconf 79' lang='grc' dir='ltr'><em>ὀξέως</em></span> <span class='ocrx_word' id='word_1_178' title='bbox 1496 1407 1530 1433; x_wconf 73' lang='lat'><em>50</em></span> <span class='ocrx_word' id='word_1_179' title='bbox 1571 1421 1575 1424; x_wconf 91' lang='lat'><em>-</em></span> 
     </span>
    </p>
   </div>
   <div class='ocr_carea' id='block_1_6' title="bbox 126 1453 1479 1902">
    <p class='ocr_par' dir='ltr' id='par_1_6' title="bbox 126 1453 1479 1902">
     <span class='ocr_line' id='line_1_22' title="bbox 127 1453 1474 1511; baseline -0.001 -13"><span class='ocrx_word' id='word_1_180' title='bbox 127 1460 182 1507; x_wconf 86' lang='grc' dir='ltr'><em>εἰς</em></span> <span class='ocrx_word' id='word_1_181' title='bbox 208 1460 470 1498; x_wconf 87' lang='grc' dir='ltr'><em>Μακεδονίαν</em></span> <span class='ocrx_word' id='word_1_182' title='bbox 496 1459 737 1511; x_wconf 79' lang='grc' dir='ltr'><em>ἀφικόμενος</em></span> <span class='ocrx_word' id='word_1_183' title='bbox 762 1458 917 1511; x_wconf 83' lang='grc' dir='ltr'><em>κατέσχε</em></span> <span class='ocrx_word' id='word_1_184' title='bbox 943 1459 1014 1510; x_wconf 81' lang='grc' dir='ltr'><em>τὴν</em></span> <span class='ocrx_word' id='word_1_185' title='bbox 1040 1457 1174 1510; x_wconf 79' lang='grc' dir='ltr'><em>ἀρχήν.</em></span> <span class='ocrx_word' id='word_1_186' title='bbox 1203 1455 1411 1508; x_wconf 83' lang='grc' dir='ltr'><em>Ἀθηναῖοι</em></span> <span class='ocrx_word' id='word_1_187' title='bbox 1437 1453 1474 1496; x_wconf 88' lang='grc' dir='ltr'><em>δ’</em></span> 
     </span>
     <span class='ocr_line' id='line_1_23' title="bbox 126 1520 1479 1577; baseline -0.001 -14"><span class='ocrx_word' id='word_1_188' title='bbox 126 1522 182 1573; x_wconf 74' lang='grc' dir='ltr'><em>ἄρ’</em></span> <span class='ocrx_word' id='word_1_189' title='bbox 216 1524 344 1577; x_wconf 75' lang='grc' dir='ltr'><em>ἕτερόν</em></span> <span class='ocrx_word' id='word_1_190' title='bbox 370 1541 470 1573; x_wconf 91' lang='grc' dir='ltr'><em>τινα,</em></span> <span class='ocrx_word' id='word_1_191' title='bbox 494 1525 634 1577; x_wconf 84' lang='grc' dir='ltr'><em>γένους</em></span> <span class='ocrx_word' id='word_1_192' title='bbox 661 1523 730 1576; x_wconf 79' lang='grc' dir='ltr'><em>μὲν</em></span> <span class='ocrx_word' id='word_1_193' title='bbox 751 1524 844 1564; x_wconf 83' lang='grc' dir='ltr'><em>ὄντα</em></span> <span class='ocrx_word' id='word_1_194' title='bbox 864 1530 932 1563; x_wconf 82' lang='grc' dir='ltr'><em>τοῦ</em></span> <span class='ocrx_word' id='word_1_195' title='bbox 953 1525 1169 1575; x_wconf 87' lang='grc' dir='ltr'><em>βασιλικοῦ,</em></span> <span class='ocrx_word' id='word_1_196' title='bbox 1197 1523 1358 1576; x_wconf 79' lang='grc' dir='ltr'><em>φυγάδα</em></span> <span class='ocrx_word' id='word_1_197' title='bbox 1378 1520 1414 1561; x_wconf 79' lang='grc' dir='ltr'><em>δ’</em></span> <span class='ocrx_word' id='word_1_198' title='bbox 1437 1521 1479 1561; x_wconf 79' lang='grc' dir='ltr'><em>ἐκ</em></span> 
     </span>
     <span class='ocr_line' id='line_1_24' title="bbox 128 1588 1478 1642; baseline -0.002 -13"><span class='ocrx_word' id='word_1_199' title='bbox 128 1590 398 1639; x_wconf 87' lang='grc' dir='ltr'><em>Μακεδονίας,</em></span> <span class='ocrx_word' id='word_1_200' title='bbox 436 1589 499 1629; x_wconf 78' lang='grc' dir='ltr'><em>ἐπὶ</em></span> <span class='ocrx_word' id='word_1_201' title='bbox 537 1591 738 1641; x_wconf 87' lang='grc' dir='ltr'><em>βασιλείαν</em></span> <span class='ocrx_word' id='word_1_202' title='bbox 774 1595 945 1642; x_wconf 82' lang='grc' dir='ltr'><em>κατῆγον</em></span> <span class='ocrx_word' id='word_1_203' title='bbox 984 1588 1076 1640; x_wconf 80' lang='grc' dir='ltr'><em>μετὰ</em></span> <span class='ocrx_word' id='word_1_204' title='bbox 1112 1591 1258 1627; x_wconf 86' lang='grc' dir='ltr'><em>πολλοῦ</em></span> <span class='ocrx_word' id='word_1_205' title='bbox 1295 1588 1478 1638; x_wconf 85' lang='grc' dir='ltr'><em>πλήθους</em></span> 
     </span>
     <span class='ocr_line' id='line_1_25' title="bbox 127 1651 1478 1707; baseline -0.002 -13"><span class='ocrx_word' id='word_1_206' title='bbox 127 1661 380 1706; x_wconf 87' lang='grc' dir='ltr'><em>στρατιωτῶν.</em></span> <span class='ocrx_word' id='word_1_207' title='bbox 410 1655 561 1702; x_wconf 89' lang='grc' dir='ltr'><em>τούτοις</em></span> <span class='ocrx_word' id='word_1_208' title='bbox 582 1654 601 1694; x_wconf 86' lang='grc' dir='ltr'>ὁ</span> <span class='ocrx_word' id='word_1_209' title='bbox 627 1656 824 1701; x_wconf 85' lang='grc' dir='ltr'><em>Φίλιππος</em></span> <span class='ocrx_word' id='word_1_210' title='bbox 843 1653 1074 1705; x_wconf 81' lang='grc' dir='ltr'><em>ἐπιθέμενος</em></span> <span class='ocrx_word' id='word_1_211' title='bbox 1093 1653 1247 1704; x_wconf 82' lang='grc' dir='ltr'><em>ἐνίκησε</em></span> <span class='ocrx_word' id='word_1_212' title='bbox 1269 1653 1386 1707; x_wconf 81' lang='grc' dir='ltr'><em>μάχῃ·</em></span> <span class='ocrx_word' id='word_1_213' title='bbox 1412 1651 1478 1691; x_wconf 83' lang='grc' dir='ltr'><em>καὶ</em></span> 
     </span>
     <span class='ocr_line' id='line_1_26' title="bbox 128 1716 1478 1772; baseline -0.002 -13"><span class='ocrx_word' id='word_1_214' title='bbox 128 1720 245 1768; x_wconf 82' lang='grc' dir='ltr'><em>ὅσους</em></span> <span class='ocrx_word' id='word_1_215' title='bbox 277 1719 490 1771; x_wconf 83' lang='grc' dir='ltr'><em>συνέλαβεν</em></span> <span class='ocrx_word' id='word_1_216' title='bbox 522 1721 787 1772; x_wconf 84' lang='grc' dir='ltr'><em>αἰχμαλώτους</em></span> <span class='ocrx_word' id='word_1_217' title='bbox 819 1726 896 1758; x_wconf 86' lang='grc' dir='ltr'><em>τῶν</em></span> <span class='ocrx_word' id='word_1_218' title='bbox 924 1716 1165 1770; x_wconf 82' lang='grc' dir='ltr'><em>Ἀθηναίων,</em></span> <span class='ocrx_word' id='word_1_219' title='bbox 1197 1717 1352 1770; x_wconf 80' lang='grc' dir='ltr'><em>ἀφῆκεν</em></span> <span class='ocrx_word' id='word_1_220' title='bbox 1384 1716 1478 1756; x_wconf 72' lang='grc' dir='ltr'><em>ἄνευ</em></span> 
     </span>
     <span class='ocr_line' id='line_1_27' title="bbox 127 1780 1477 1836; baseline -0.003 -12"><span class='ocrx_word' id='word_1_221' title='bbox 127 1786 298 1836; x_wconf 77' lang='grc' dir='ltr'><em>λύτρων,</em></span> <span class='ocrx_word' id='word_1_222' title='bbox 339 1785 386 1825; x_wconf 86' lang='grc' dir='ltr'><em>οὐ</em></span> <span class='ocrx_word' id='word_1_223' title='bbox 426 1782 510 1824; x_wconf 84' lang='grc' dir='ltr'><em>κατ’</em></span> <span class='ocrx_word' id='word_1_224' title='bbox 552 1784 712 1824; x_wconf 80' lang='grc' dir='ltr'><em>εὔνοιαν</em></span> <span class='ocrx_word' id='word_1_225' title='bbox 749 1791 818 1836; x_wconf 82' lang='grc' dir='ltr'><em>τῆς</em></span> <span class='ocrx_word' id='word_1_226' title='bbox 860 1784 1009 1832; x_wconf 89' lang='grc' dir='ltr'><em>πόλεως</em></span> <span class='ocrx_word' id='word_1_227' title='bbox 1047 1782 1137 1824; x_wconf 80' lang='grc' dir='ltr'><em>οὐδὲ</em></span> <span class='ocrx_word' id='word_1_228' title='bbox 1177 1780 1228 1822; x_wconf 88' lang='grc' dir='ltr'><em>δι’</em></span> <span class='ocrx_word' id='word_1_229' title='bbox 1270 1782 1477 1821; x_wconf 81' lang='grc' dir='ltr'><em>ἐπιείκειαν</em></span> 
     </span>
     <span class='ocr_line' id='line_1_28' title="bbox 126 1850 358 1902; baseline 0.004 -13"><span class='ocrx_word' id='word_1_230' title='bbox 126 1850 275 1902; x_wconf 85' lang='grc' dir='ltr'><em>τρόπου</em></span> <span class='ocrx_word' id='word_1_231' title='bbox 301 1884 307 1890; x_wconf 98' lang='grc'><em>.</em></span> <span class='ocrx_word' id='word_1_232' title='bbox 327 1884 333 1890; x_wconf 91' lang='grc'><strong>.</strong></span> <span class='ocrx_word' id='word_1_233' title='bbox 351 1882 358 1889; x_wconf 88' lang='grc'><strong>.</strong></span> 
     </span>
    </p>
   </div>
   <div class='ocr_carea' id='block_1_7' title="bbox 1498 758 1531 783">
    <p class='ocr_par' dir='ltr' id='par_1_7' title="bbox 1498 758 1531 783">
     <span class='ocr_line' id='line_1_29' title="bbox 1498 758 1531 783; baseline 0 0"><span class='ocrx_word' id='word_1_234' title='bbox 1498 758 1531 783; x_wconf 85' lang='grc'><em>10</em></span> 
     </span>
    </p>
   </div>
   <div class='ocr_carea' id='block_1_8' title="bbox 1499 1083 1530 1109">
    <p class='ocr_par' dir='ltr' id='par_1_8' title="bbox 1499 1083 1530 1109">
     <span class='ocr_line' id='line_1_30' title="bbox 1499 1083 1530 1109; baseline -0.032 0"><span class='ocrx_word' id='word_1_235' title='bbox 1499 1083 1530 1109; x_wconf 82' lang='lat'><em>15</em></span> 
     </span>
    </p>
   </div>
   <div class='ocr_carea' id='block_1_9' title="bbox 1498 1733 1531 1759">
    <p class='ocr_par' dir='ltr' id='par_1_9' title="bbox 1498 1733 1531 1759">
     <span class='ocr_line' id='line_1_31' title="bbox 1498 1733 1531 1759; baseline 0 0"><span class='ocrx_word' id='word_1_236' title='bbox 1498 1733 1531 1759; x_wconf 75' lang='lat'><em>25</em></span> 
     </span>
    </p>
   </div>
   <div class='ocr_carea' id='block_1_10' title="bbox 166 1913 1520 1968">
    <p class='ocr_par' dir='ltr' id='par_1_10' title="bbox 166 1913 1520 1968">
     <span class='ocr_line' id='line_1_32' title="bbox 166 1913 1520 1968; baseline -0.004 -13"><span class='ocrx_word' id='word_1_237' title='bbox 166 1914 167 1957; x_wconf 53' lang='grc' dir='ltr'>ζ</span> <span class='ocrx_word' id='word_1_238' title='bbox 188 1919 268 1967; x_wconf 82' lang='grc' dir='ltr'><em>Τῆς</em></span> <span class='ocrx_word' id='word_1_239' title='bbox 294 1916 500 1968; x_wconf 76' lang='grc' dir='ltr'><em>ῥητορικῆς</em></span> <span class='ocrx_word' id='word_1_240' title='bbox 521 1914 617 1968; x_wconf 85' lang='grc' dir='ltr'><em>μέρη</em></span> <span class='ocrx_word' id='word_1_241' title='bbox 637 1917 734 1966; x_wconf 87' lang='grc' dir='ltr'><em>τρία,</em></span> <span class='ocrx_word' id='word_1_242' title='bbox 760 1914 1030 1965; x_wconf 79' lang='grc' dir='ltr'><em>ἐπιδεικτικόν,</em></span> <span class='ocrx_word' id='word_1_243' title='bbox 1057 1913 1276 1965; x_wconf 80' lang='grc' dir='ltr'><em>δικανικόν,</em></span> <span class='ocrx_word' id='word_1_244' title='bbox 1302 1913 1475 1963; x_wconf 87' lang='grc' dir='ltr'><em>συμβου-</em></span> <span class='ocrx_word' id='word_1_245' title='bbox 1496 1915 1520 1950; x_wconf 83' lang='grc'>6</span> 
     </span>
    </p>
   </div>
   <div class='ocr_carea' id='block_1_11' title="bbox 126 1978 1473 2033">
    <p class='ocr_par' dir='ltr' id='par_1_11' title="bbox 126 1978 1473 2033">
     <span class='ocr_line' id='line_1_33' title="bbox 126 1978 1473 2033; baseline -0.003 -13"><span class='ocrx_word' id='word_1_246' title='bbox 126 1981 312 2021; x_wconf 87' lang='grc' dir='ltr'><em>λευτικόν.</em></span> <span class='ocrx_word' id='word_1_247' title='bbox 334 1985 417 2020; x_wconf 83' lang='grc' dir='ltr'><em>τοῖν</em></span> <span class='ocrx_word' id='word_1_248' title='bbox 432 1982 501 2031; x_wconf 82' lang='grc' dir='ltr'><em>μὲν</em></span> <span class='ocrx_word' id='word_1_249' title='bbox 517 1982 630 2020; x_wconf 86' lang='grc' dir='ltr'><em>δυοῖν</em></span> <span class='ocrx_word' id='word_1_250' title='bbox 645 1979 764 2033; x_wconf 71' lang='grc' dir='ltr'><em>ἄκρος</em></span> <span class='ocrx_word' id='word_1_251' title='bbox 784 1980 1003 2033; x_wconf 77' lang='grc' dir='ltr'><em>ἀγωνιστὴς</em></span> <span class='ocrx_word' id='word_1_252' title='bbox 1022 1978 1166 2032; x_wconf 88' lang='grc' dir='ltr'><em>γέγονε,</em></span> <span class='ocrx_word' id='word_1_253' title='bbox 1186 1984 1256 2018; x_wconf 87' lang='grc' dir='ltr'><em>τοῦ</em></span> <span class='ocrx_word' id='word_1_254' title='bbox 1270 1993 1307 2017; x_wconf 91' lang='grc' dir='ltr'><em>τε</em></span> <span class='ocrx_word' id='word_1_255' title='bbox 1328 1978 1473 2016; x_wconf 88' lang='grc' dir='ltr'><em>δικανι-</em></span> 
     </span>
    </p>
   </div>
   <div class='ocr_carea' id='block_1_12' title="bbox 128 2041 1528 2098">
    <p class='ocr_par' dir='ltr' id='par_1_12' title="bbox 128 2041 1528 2098">
     <span class='ocr_line' id='line_1_34' title="bbox 128 2041 1528 2098; baseline -0.001 -13"><span class='ocrx_word' id='word_1_256' title='bbox 128 2053 201 2086; x_wconf 87' lang='grc' dir='ltr'><em>κοῦ</em></span> <span class='ocrx_word' id='word_1_257' title='bbox 233 2046 298 2086; x_wconf 82' lang='grc' dir='ltr'><em>καὶ</em></span> <span class='ocrx_word' id='word_1_258' title='bbox 330 2047 680 2098; x_wconf 87' lang='grc' dir='ltr'><em>συμβουλευτικοῦ”</em></span> <span class='ocrx_word' id='word_1_259' title='bbox 714 2041 1058 2098; x_wconf 58' lang='grc' dir='ltr'><em>ἐπιδεικτικοὺςδ7</em></span> <span class='ocrx_word' id='word_1_260' title='bbox 1088 2043 1161 2083; x_wconf 86' lang='grc' dir='ltr'><em>οὐκ</em></span> <span class='ocrx_word' id='word_1_261' title='bbox 1193 2043 1328 2096; x_wconf 77' lang='grc' dir='ltr'><em>ἔχομεν</em></span> <span class='ocrx_word' id='word_1_262' title='bbox 1353 2042 1474 2082; x_wconf 81' lang='grc' dir='ltr'><em>αὐτοῦ</em></span> <span class='ocrx_word' id='word_1_263' title='bbox 1494 2059 1528 2084; x_wconf 79' lang='lat' dir='ltr'><em>so</em></span> 
     </span>
    </p>
   </div>
   <div class='ocr_carea' id='block_1_13' title="bbox 128 2106 1480 2294">
    <p class='ocr_par' dir='ltr' id='par_1_13' title="bbox 128 2106 1480 2294">
     <span class='ocr_line' id='line_1_35' title="bbox 128 2106 1476 2165; baseline -0.004 -14"><span class='ocrx_word' id='word_1_264' title='bbox 128 2112 278 2165; x_wconf 86' lang='grc' dir='ltr'><em>λόγους.</em></span> <span class='ocrx_word' id='word_1_265' title='bbox 300 2111 391 2160; x_wconf 84' lang='grc' dir='ltr'><em>τοὺς</em></span> <span class='ocrx_word' id='word_1_266' title='bbox 409 2111 482 2164; x_wconf 80' lang='grc' dir='ltr'><em>γὰρ</em></span> <span class='ocrx_word' id='word_1_267' title='bbox 504 2111 746 2162; x_wconf 83' lang='grc' dir='ltr'><em>φερομένους</em></span> <span class='ocrx_word' id='word_1_268' title='bbox 761 2111 808 2151; x_wconf 78' lang='grc' dir='ltr'><em>οὐ</em></span> <span class='ocrx_word' id='word_1_269' title='bbox 822 2110 1047 2150; x_wconf 88' lang='grc' dir='ltr'><em>πιστευτέον</em></span> <span class='ocrx_word' id='word_1_270' title='bbox 1061 2106 1161 2149; x_wconf 79' lang='grc' dir='ltr'><em>εἶναι</em></span> <span class='ocrx_word' id='word_1_271' title='bbox 1177 2107 1476 2160; x_wconf 85' lang='grc' dir='ltr'><em>Δημοσθένους,</em></span> 
     </span>
     <span class='ocr_line' id='line_1_36' title="bbox 128 2173 1474 2228; baseline -0.003 -12"><span class='ocrx_word' id='word_1_272' title='bbox 128 2178 197 2217; x_wconf 92' lang='grc' dir='ltr'><em>τὸν</em></span> <span class='ocrx_word' id='word_1_273' title='bbox 221 2177 429 2228; x_wconf 83' lang='grc' dir='ltr'><em>ἐπιτάφιον</em></span> <span class='ocrx_word' id='word_1_274' title='bbox 455 2176 520 2216; x_wconf 84' lang='grc' dir='ltr'><em>καὶ</em></span> <span class='ocrx_word' id='word_1_275' title='bbox 546 2176 614 2215; x_wconf 88' lang='grc' dir='ltr'><em>τὸν</em></span> <span class='ocrx_word' id='word_1_276' title='bbox 640 2175 839 2228; x_wconf 79' lang='grc' dir='ltr'><em>ἐρωτικόν·</em></span> <span class='ocrx_word' id='word_1_277' title='bbox 866 2175 966 2215; x_wconf 87' lang='grc' dir='ltr'><em>πολὺ</em></span> <span class='ocrx_word' id='word_1_278' title='bbox 992 2175 1065 2228; x_wconf 85' lang='grc' dir='ltr'><em>γὰρ</em></span> <span class='ocrx_word' id='word_1_279' title='bbox 1090 2181 1159 2226; x_wconf 86' lang='grc' dir='ltr'><em>τῆς</em></span> <span class='ocrx_word' id='word_1_280' title='bbox 1185 2173 1337 2213; x_wconf 81' lang='grc' dir='ltr'><em>ἐκείνου</em></span> <span class='ocrx_word' id='word_1_281' title='bbox 1358 2173 1474 2212; x_wconf 88' lang='grc' dir='ltr'><em>δυνά-</em></span> 
     </span>
     <span class='ocr_line' id='line_1_37' title="bbox 128 2238 1480 2294; baseline -0.004 -12"><span class='ocrx_word' id='word_1_282' title='bbox 128 2259 229 2294; x_wconf 88' lang='grc' dir='ltr'><em>μεως</em></span> <span class='ocrx_word' id='word_1_283' title='bbox 261 2242 548 2282; x_wconf 77' lang='grc' dir='ltr'><em>ἀπολείπονται.</em></span> <span class='ocrx_word' id='word_1_284' title='bbox 586 2240 653 2281; x_wconf 85' lang='grc' dir='ltr'><em>καὶ</em></span> <span class='ocrx_word' id='word_1_285' title='bbox 679 2241 750 2293; x_wconf 81' lang='grc' dir='ltr'><em>οὐχ</em></span> <span class='ocrx_word' id='word_1_286' title='bbox 775 2239 964 2294; x_wconf 79' lang='grc' dir='ltr'><em>ἡμετέραν</em></span> <span class='ocrx_word' id='word_1_287' title='bbox 989 2241 1152 2293; x_wconf 85' lang='grc' dir='ltr'><em>γνώμην</em></span> <span class='ocrx_word' id='word_1_288' title='bbox 1177 2238 1350 2292; x_wconf 85' lang='grc' dir='ltr'><em>λέγομεν,</em></span> <span class='ocrx_word' id='word_1_289' title='bbox 1384 2238 1480 2278; x_wconf 81' lang='grc' dir='ltr'><em>ἀλλὰ</em></span> 
     </span>
    </p>
   </div>
  </div>
 </body>
</html>
