1689 2531
85 109 171 153 XVI]
466 109 597 142 ΥΠΕΡ
621 109 1051 142 ΜΕΓΑΛΟΠΟΛΙΤῼΝ
1345 109 1364 148 1
1373 107 1397 149 8
1404 108 1426 148 7

85 219 178 259 μεν,
202 203 554 258 μεταβάλλεσθαι
581 203 697 254 δόξει
722 204 794 245 καὶ
820 204 953 246 οὐδὲν
979 201 1094 259 ἔχειν
1118 204 1276 246 πιστὸν
1301 204 1326 258 ἡ
1352 205 1429 245 πόῄ

87 277 163 324 λις.
202 273 296 327 ἐμοὶ
321 275 401 327 μὲν
425 275 508 330 γὰρ
536 275 655 316 δοκεῖ
680 275 942 317 τούναντίον
968 272 1000 316 ὦ
1022 276 1177 330 ἄνδρες
1193 272 1429 329 Ἀθηναῖοι.

87 345 159 387 διὰ
190 346 248 401 τί,
275 345 341 387 ὅτι
366 352 454 387 τῶν
485 345 662 387 πάντων
688 344 832 387 οὐδέν’
865 345 919 387 ἂν
944 345 1165 388 ἀντειπεῖν
1191 346 1348 400 οἴομαι,
1374 346 1430 395 ὡς

86 415 138 458 οὐ
169 416 241 457 καὶ
272 417 646 468 Λακεδαιμονίους
678 417 749 458 καὶ
780 418 994 472 πρότερον
1030 417 1247 470 Θηβαίους
1279 416 1350 457 καὶ
1381 417 1429 458 τὸ

50 490 335 530 5τελευταῐον
372 487 569 540 Εὐβοέας
608 485 772 543 ἔσῳσεν
806 489 831 542 ἡ
869 489 1006 542 πόλις,
1042 488 1114 529 καὶ
1151 487 1256 540 μετὰ
1296 493 1430 528 ταῦτα

87 557 336 611 συμμάχους
370 555 613 613 ἐποιήσατο,
644 557 693 599 ἕν
724 574 765 599 τι
796 559 868 600 καὶ
893 558 1024 600 ταύτὸ
1051 557 1296 612 βουλομένη
1326 557 1428 613 [ἀεὶ]

85 628 302 683 πράττειν.
347 626 466 670 ἔστιν
493 629 540 670 δὲ
567 635 696 670 τοῦτο
723 630 766 670 τί
773 648 782 680 ;
808 631 910 679 τοὺς
930 628 1246 681 ἀδικουμένους
1267 627 1430 686 σῴζειν.

87 700 123 741 εἰ
154 700 309 741 τοίνυν
340 697 468 740 ταῦθ’
507 698 643 748 οὕτως
676 697 775 755 ἔχει,
806 697 944 742 οὐκέτ’
984 699 1038 741 ἂν
1063 701 1183 754 ἡμεῖς
1216 700 1363 754 εἴημεν
1389 701 1430 742 οἱ

0 773 66 809 206
85 771 466 824 μεταβαλλόμενοι,
492 767 584 811 ἀλλ’
617 771 657 812 οἱ
684 772 739 825 μὴ
762 768 985 820 ’θέλοντες
1035 777 1124 820 τοῖς
1151 771 1334 820 δικαίοις
1361 769 1432 823 ἐμ-

35 858 67 883 10
87 839 246 895 μένειν,
272 841 343 882 καὶ
371 842 610 894 φανήσεται
637 841 688 882 τὰ
714 839 926 896 πράγματ’
959 841 1025 883 ἀεὶ
1052 842 1125 882 διὰ
1150 843 1252 890 τοὺς
1278 845 1431 883 πλεον-

87 919 226 953 εκτεῖν
257 911 553 966 βουλομένους
585 914 952 969 μεταβαλλόμενα,
984 912 1062 967 οὐχ
1096 912 1120 966 ἡ
1148 914 1272 962 πόλις
1297 913 1431 966 ἡμῶν.

145 986 342 1024 Δοκοῦσι
385 981 435 1023 δέ
472 998 545 1035 μοι
581 984 921 1035 Λακεδαιμόνιοι
955 983 1068 1035 μάλα
1104 984 1264 1025 δεινῶν
1298 981 1429 1037 ἔργον

87 1053 338 1107 ἀνθρώπων
364 1060 517 1095 ποιεῖν.
555 1059 640 1095 νῦν
665 1054 747 1108 γάρ
777 1065 913 1108 φασιν
940 1053 1097 1095 ἐκεῖνοι
1125 1055 1219 1095 δεῖν
1232 1051 1430 1103 Ἠλείους

86 1124 166 1177 μὲν
197 1130 271 1178 τῆς
303 1126 543 1178 Τριφυλίας
575 1125 674 1166 τινὰ
706 1126 986 1179 κομίσασθαι,
1023 1126 1282 1174 Φλειασίους
1309 1125 1356 1166 δὲ
1382 1126 1430 1166 τὸ

34 1212 67 1238 15
93 1195 378 1249 Τρικάρανον,
412 1196 570 1245 ἄλλους
598 1195 649 1237 δέ
671 1211 792 1244 τινας
818 1203 906 1237 τῶν
923 1193 1142 1250 Ἀρκάδων
1167 1196 1248 1250 τὴν
1275 1195 1431 1249 αὐτῶν,

86 1266 158 1307 καὶ
188 1267 267 1307 τὸν
292 1264 491 1320 Ὠρωπὸν
524 1267 644 1321 ἡμᾶς,
677 1267 756 1321 οὐχ
789 1265 845 1308 ἵν’
884 1265 1090 1316 ἑκάστους
1123 1268 1245 1320 ἡμῶν
1277 1266 1432 1307 ἴδωσιν

87 1334 263 1391 ἔχοντας
289 1338 341 1378 τὰ
367 1337 524 1392 αὐτῶν,
556 1335 652 1379 οὐδ’
686 1338 837 1391 ὀλίγου
866 1338 933 1378 δεῖ
959 1336 1058 1393 (ὀψὲ
1085 1338 1166 1392 γὰρ
1196 1337 1250 1379 ἂν
1277 1337 1431 1391 φιλάν-

87 1412 260 1462 θρωποι
293 1407 524 1464 γένοιντο)·
570 1407 661 1450 ἀλλ’
699 1409 772 1449 ἵνα
805 1414 909 1449 πᾶσι
944 1409 1103 1450 δοκῶσι
1138 1407 1431 1462 συμπράττειν

88 1478 201 1528 ὅπως
233 1477 405 1520 ἕκαστοι
437 1481 700 1532 κομίσωνται
736 1477 863 1521 ταῦθ’
903 1479 929 1520 ἄ
962 1490 1098 1533 φασιν
1131 1479 1276 1520 αὑτῶν
1308 1474 1433 1533 εἶναι,

35 1565 68 1593 20
87 1546 143 1590 ἵν’
176 1547 353 1591 ἐπειδὰν
380 1550 506 1591 ἴωσιν
533 1549 601 1591 ἐπὶ
622 1552 866 1603 [Μεσσήνην
892 1550 1029 1603 αὐτοί,
1056 1550 1433 1604 συστρατεύωνται

88 1620 243 1669 πάντες
270 1620 416 1670 αὐτοῖς
444 1618 564 1662 οὗτοι
592 1622 661 1662 καὶ
688 1623 888 1674 βοηθῶσι
914 1621 1166 1674 προθύμως,
1191 1620 1215 1673 ἢ
1244 1621 1433 1662 δοκῶσιν

88 1690 268 1745 ἀδικεῖν,
293 1692 391 1742 περὶ
419 1689 480 1732 ὧν
500 1689 670 1745 ἔφασαν
690 1691 861 1732 ἕκαστοι
883 1698 1009 1745 σφῶν
1030 1691 1175 1732 αὐτῶν
1195 1686 1306 1732 εἶναι
1328 1702 1433 1744 συμ-

87 1763 262 1816 ψήφους
296 1764 501 1815 λαβόντες
530 1761 734 1816 ἑκείνους,
759 1763 815 1815 μὴ
843 1762 923 1816 τὴν
950 1762 1106 1813 ὁμοίαν
1132 1761 1279 1811 αὐτοῖς
1305 1762 1433 1816 χάριν

88 1831 383 1882 ἀποδιδόντες.
428 1831 510 1886 ἐγὼ
539 1833 585 1874 δὲ
612 1834 769 1884 νομίζω
797 1833 878 1886 τὴν
903 1834 1033 1873 πόλιν
1059 1839 1233 1886 πρῶτον
1258 1832 1338 1885 μὲν
1363 1833 1434 1874 καὶ

36 1921 69 1946 25
89 1903 218 1958 χωρὶς
250 1909 329 1944 τοῦ
362 1905 636 1957 καθυφεῖναί
668 1919 788 1952 τινας
821 1904 1182 1955 Λακεδαιμονίοις
1205 1901 1435 1957 Ἀρκάδων,

82 1971 287 2027 Ὠρωπὸν
315 1973 368 2015 ἂν
393 1975 673 2028 κομίσασθαι,
697 1974 768 2015 καὶ
794 1972 882 2026 μετ’
915 1973 1106 2028 ἐκείνων,
1132 1973 1186 2015 ἂν
1211 1975 1264 2015 τὰ
1290 1975 1434 2015 δίκαια

87 2051 230 2086 ποιεῖν
257 2044 483 2098 ἐθέλωσιν,
508 2045 579 2086 καὶ
605 2045 710 2096 μετὰ
736 2051 824 2086 τῶν
850 2045 995 2086 ἄλλων
1014 2051 1102 2085 τῶν
1123 2044 1202 2085 οὐκ
1222 2044 1435 2097 οἰομένων

89 2115 183 2156 δεῖν
222 2116 440 2169 Θηβαίους
476 2114 553 2157 ἐᾶν
586 2113 703 2169 ἔχειν
737 2115 980 2169 τάλλότρια.
1038 2116 1075 2156 εἰ
1112 2113 1149 2156 δ’
1194 2116 1276 2169 ἄρα
1311 2113 1428 2157 τοῦτ’

89 2185 276 2240 εὔδηλον
314 2187 417 2239 ἡμῖν
454 2185 638 2240 γένοιτο,
676 2186 741 2227 ὅτι
779 2187 835 2240 μὴ
869 2187 1243 2238 Λακεδαιμονίους
1282 2184 1435 2235 ἐῶντες

36 2274 69 2299 30
88 2256 169 2310 τὴν
194 2258 539 2310 Πελοπόννησον
565 2256 948 2311 καταστρέψασθαι
974 2256 1053 2312 οὐχ
1081 2250 1169 2298 οἷοί
1192 2256 1229 2298 τ’
1261 2254 1428 2309 ἐσόμεθ’

1459 640 1501 670 15

1460 995 1502 1026 16

1460 1419 1500 1450 17

1463 1844 1504 1874 18
