1653 2521
500 465 1070 530 ΦΙΛΙΠΠΙΚΟΙ

775 623 795 665 Ι

523 714 978 764 ΟΛΥΝΘΙΑΚΟΣ
1014 714 1060 762 Α

522 820 763 853 AIBANIOT
791 819 1048 853 ΤΠοΘΕΣΙΣ

163 906 363 955 ’Όλυνθος
396 902 446 958 ἦν
478 906 590 954 πόλις
622 905 681 945 ἐπὶ
715 903 884 960 Θρᾴκης,
913 901 1143 957 Ἑλληνικὸν
1175 905 1216 945 δὲ
1242 906 1360 962 ταύτῃ
1386 913 1463 946 τῶν

114 973 376 1014 ἐνοικούντων
408 972 450 1011 τὸ
482 971 615 1024 γένος,
640 970 718 1010 ἀπὸ
751 971 949 1018 Χαλκίδος
980 977 1049 1022 τῆς
1082 970 1124 1010 ἐν
1155 971 1327 1026 Εὐβοίᾳ·
1365 969 1390 1023 ἡ
1424 970 1465 1011 δὲ

119 1038 267 1085 Χαλκὶς
281 1035 511 1088 Ἀθηναίων
532 1035 707 1083 ἄποικος.
725 1033 729 1089 Ι
746 1035 881 1075 πολλοὶ
901 1035 942 1076 δὲ
963 1036 1123 1087 πόλεμοι
1142 1035 1207 1076 καὶ
1227 1036 1379 1084 ἔνδοξοι
1397 1043 1464 1087 τῆς
1488 1039 1506 1074 7

111 1101 326 1144 Ὀλύνθου·
357 1098 588 1153 Ἀθηναίοις
616 1117 651 1141 τε
678 1101 750 1154 γὰρ
783 1100 1020 1153 ἐπολέμησεν
1045 1100 1205 1153 ἄρχουσι
1231 1108 1309 1140 τῶν
1329 1097 1466 1152 Ἑλλή-

116 1186 197 1209 νων
224 1169 265 1208 τὸ
292 1167 460 1207 παλαιὸν
485 1166 551 1206 καὶ
577 1162 698 1214 αὖθις
725 1166 1071 1217 Λακεδαιμονίοις·
1102 1166 1228 1222 χρόνῳ
1254 1162 1287 1205 τ’
1317 1167 1371 1214 εἰς
1397 1167 1466 1206 δύ·
1486 1182 1502 1207 5

121 1250 237 1286 ναμιν
270 1237 446 1285 προῆλθε
481 1232 652 1284 μεγάλην
682 1231 748 1271 καὶ
778 1238 855 1271 τῶν
884 1238 1084 1284 συγγενῶν
1109 1231 1259 1271 πόλεων
1286 1231 1466 1285 ἐπῆρχεν·

77 1307 96 1338 2
119 1295 170 1352 ἦν
201 1301 273 1352 γὰρ
307 1297 369 1338 ἐπὶ
399 1294 558 1353 Θρᾴκης
584 1298 683 1336 πολύ
711 1313 746 1336 τι
776 1296 888 1350 γένος
915 1297 1166 1337 Χαλκιδικόν.
1209 1297 1392 1352 Φιλίππῳ
1426 1295 1467 1335 δὲ

116 1369 167 1421 τῷ
192 1364 444 1403 Μακεδόνων
471 1364 627 1415 βασιλεῖ
652 1363 874 1414 συμμαχίαν
900 1362 941 1400 οἵ
965 1357 1170 1401 Ὀλύνθιοι
1195 1361 1468 1413 ποιησάμενοι,

117 1429 182 1469 καὶ
208 1433 467 1480 πολεμοῦντες
501 1424 581 1479 μετ’
611 1427 733 1467 αὐτοῦ
759 1427 857 1480 πρὸς
879 1423 1122 1478 Ἀθηναίους
1154 1426 1196 1466 τὸ
1222 1423 1307 1466 κατ’
1336 1426 1468 1479 ἀρχάς,

118 1494 182 1534 καὶ
215 1501 328 1534 τοῦτο
362 1492 432 1545 μὲν
462 1489 732 1544 Ἀνθεμοῦντα
764 1491 868 1546 παρὰ
896 1498 965 1531 τοῦ
993 1491 1230 1539 Μακεδόνος
1255 1492 1469 1543 εἰληφότες,
1491 1508 1524 1533 10

117 1560 232 1600 πόλιν
255 1559 603 1610 ἀμφισβητήσιμον
625 1558 832 1597 Μακεδόσι
852 1557 917 1597 καὶ
933 1553 1171 1609 Ὀλυνθίοις,
1191 1563 1304 1596 τοῦτο
1325 1555 1367 1596 δὲ
1386 1559 1470 1596 Πο-

119 1626 304 1674 τείδαιαν,
337 1622 387 1675 ἣν
418 1619 647 1674 Ἀθηναίων
679 1622 846 1675 ἐχόντων
879 1622 1184 1675 ἐκπολιορκήσας
1219 1621 1239 1662 ὁ
1276 1623 1472 1669 Φίλιππος

115 1687 340 1737 Ὀλυνθίοις
365 1688 603 1741 παρέδωκεν,
631 1689 794 1741 ὕστερον
819 1687 1054 1727 ὑποπτεύειν
1074 1686 1241 1740 ἤρξαντο
1268 1688 1336 1727 τὸν
1361 1688 1472 1739 βασι-

119 1755 199 1805 λέα,
221 1754 385 1806 ὁρῶντες
405 1754 526 1793 αὑτοῦ
548 1758 703 1805 ταχεῖαν
723 1752 788 1792 καὶ
807 1753 956 1804 πολλὴν
976 1754 1047 1805 τὴν
1068 1752 1246 1805 αὔξησιν,
1268 1752 1314 1792 οὐ
1329 1751 1472 1803 πιστὴν

121 1820 160 1860 δὲ
183 1821 254 1872 τὴν
273 1820 447 1873 γνώμην.
474 1818 759 1869 ἀποδημοῦντα
780 1817 820 1858 δὲ
835 1819 1071 1870 τηρήσαντες
1093 1818 1226 1869 αὐτόν,
1246 1817 1471 1869 πέμψαντες
1493 1832 1524 1858 ι5

119 1885 299 1938 πρέσβεις
332 1884 430 1937 πρὸς
459 1880 701 1935 Ἀθηναίους
734 1884 990 1923 κατελύσαντο
1017 1883 1084 1923 τὸν
1110 1883 1207 1934 πρὸς
1232 1883 1378 1930 αὐτοὺς
1402 1883 1474 1922 πό-

120 1955 249 2002 λεμον,
281 1956 485 1996 ποιοῦντες
520 1955 632 1988 τοῦτο
659 1948 765 2001 παρὰ
790 1948 856 1995 τὰς
882 1949 1089 1999 συνθήκας
1115 1947 1182 1996 τὰς
1208 1949 1305 2000 πρὸς
1334 1948 1474 1986 Φίλιπ-

120 2027 214 2054 πον·
250 2013 519 2054 συνετέθειντο
551 2013 623 2067 γὰρ
657 2013 722 2052 καὶ
751 2020 864 2068 κοινῇ
892 2017 1074 2064 πολεμεῖν
1099 2013 1196 2066 πρὸς
1216 2008 1474 2063 Ἀθηναίους,

82 2091 101 2121 3
123 2079 196 2121 κᾶν
223 2079 313 2119 ἄλλο
335 2096 369 2119 τι
391 2080 499 2135 δόξῃ,
526 2086 639 2134 κοινῇ
661 2080 908 2118 σπείσασθαι.
943 2077 962 2118 ὁ
983 2077 1023 2117 δὲ
1047 2079 1242 2125 Φίλιππος
1267 2078 1386 2116 πάλαι
1405 2076 1475 2129 μὲν

122 2146 357 2199 προφάσεως
391 2141 452 2184 ἐπ’
482 2145 627 2192 αὐτοὺς
660 2144 855 2194 δεόμενος,
888 2144 970 2182 τότε
1003 2142 1044 2183 δὲ
1076 2144 1221 2194 ταύτην
1253 2143 1397 2195 λαβών,
1425 2140 1476 2190 ὡς
1496 2157 1529 2182 20

123 2211 190 2258 τὰς
217 2211 425 2262 συνθήκας
451 2209 746 2262 παραβεβηκόσι
771 2209 836 2248 καὶ
861 2209 958 2261 πρὸς
979 2208 1070 2255 τοὺς
1089 2207 1256 2260 ἐχθροὺς
1276 2207 1366 2255 τοὺς
1386 2207 1476 2247 ἒαυ-
