1689 2531
110 82 213 125 XVII]
265 82 379 113 ΠΕΡΙ
403 80 501 113 ΤΩΝ
528 82 656 114 ΠΡΟΣ
681 81 1006 118 ΑΛΕΞΑΝΔΡΟΝ
1032 81 1306 116 ΣΤΧΘΗΚΩΝ
1370 82 1450 122 197

118 191 197 228 μεν
236 176 401 230 αὐτοῖς,
439 174 585 230 ἐπειδὴ
623 177 675 218 τὰ
716 177 860 218 δίκαια
898 176 1093 231 λέγουσι,
1130 179 1217 230 καί,
1253 178 1451 231 καθάπερ

111 248 278 289 κελεύει
306 247 328 289 ὁ
357 247 496 301 ὅρκος,
522 246 788 297 ἐκσπόνδους
815 247 974 297 αὐτοὺς
994 249 1251 301 ποιήσαντες
1270 251 1452 302 βουλευ-

114 318 292 370 σώμεθα
324 325 413 367 πῶς
446 318 512 359 δεῖ
542 322 731 373 χρῆσθαι
758 325 848 367 τοῖς
876 319 1139 368 δεσποτικῶς
1165 319 1236 360 καὶ
1262 319 1453 374 ἀσελγῶς

112 387 399 441 διακειμένοις
440 388 510 430 καὶ
543 389 615 430 διὰ
645 388 796 438 τέλους
827 389 878 430 τὰ
910 389 990 441 μὲν
1023 388 1371 445 ἐπιβουλεύουσι,
1401 392 1453 432 τὰ

74 478 89 502 5
111 458 148 500 δ’
185 457 471 512 ἐπιτάττουσι,
496 459 567 500 καὶ
592 463 858 513 καταγελῶσι
884 466 958 513 τῆς
984 466 1131 513 κοινῆς
1151 463 1335 516 εἰρήνης.
1381 463 1453 504 διὰ

110 531 153 571 τί
183 532 264 584 γὰρ
300 530 352 571 οὐ
386 531 606 583 φήσουσιν
639 527 760 572 οὗτοι
793 531 887 572 δεῖν
919 531 1050 572 ταῦθ’
1087 530 1223 581 οὕτως
1255 530 1388 587 ἕχειν;
1430 533 1451 587 ἢ

112 601 349 654 ὁμολογιαν
393 601 473 654 τὴν
516 601 595 653 μὲν
633 602 739 642 κατὰ
778 607 851 655 τῆς
891 602 1055 651 πόλεως
1094 599 1232 644 οὖσαν
1269 605 1452 657 βεβαίαν

110 671 310 721 ἀξιοῦσιν
351 667 480 725 εἶναι,
520 672 599 726 τὴν
642 672 688 713 δε
725 671 948 729 σώζουσαν
984 673 1036 714 οὐ
1073 676 1452 728 συγχωρήσουσιν;

111 739 194 796 ἆρα
228 743 399 783 δικαιον
432 748 564 783 ταῦτα
596 744 847 796 γιγνεσθαι;
878 743 961 784 κᾶν
992 743 1071 796 μέν
1102 760 1144 786 τι
1179 739 1201 802 ἧ
1232 747 1338 800 πρὸς
1364 754 1454 788 τῶν

59 831 92 855 ιο
112 812 285 867 ἐχθρῶν
311 814 418 854 κατὰ
443 819 516 866 τῆς
542 815 706 862 πόλεως
727 812 774 854 ἐν
794 821 882 863 τοῖς
904 815 1061 869 ὅρκοις,
1085 821 1214 857 τοῦτο
1233 817 1313 868 μὲν
1334 818 1454 872 ἰσχυ-

113 884 193 936 ρὸν
219 883 285 925 ἀεὶ
312 885 601 936 ποιήσουσιν·
640 883 716 925 ἐὰν
742 884 793 925 δέ
815 900 856 925 τι
882 885 1091 938 ἡμέτερον
1112 881 1137 944 ᾗ
1156 887 1248 928 κατ’
1274 886 1454 929 ἐκείνων

14 887 37 922 ιθ

43 887 62 921 ..ι

70 888 88 922 &l

114 955 198 1006 ἅμα
232 955 403 995 δίκαιον
437 955 507 995 καὶ
541 954 779 1010 συμφέρον,
809 957 916 1010 πρὸς
942 955 1078 1012 ζτοῦτο
1111 957 1158 999 δὲ
1183 958 1452 1012 μαχομένους

114 1024 323 1066 οὐδέποτε
348 1025 603 1066 παύσασθαι
630 1027 853 1079 οἰήσονται
880 1027 974 1068 δεῖν
1000 1026 1198 1080 ἑαυτούς;

163 1093 255 1137 Ἵνα
283 1093 319 1136 δ’
353 1095 482 1148 εἰδῆτ’
515 1094 577 1137 ἔτι
605 1096 875 1150 σαφέστερον
901 1097 966 1139 ὅτι
994 1098 1138 1148 οὐδεὶς
1158 1099 1262 1152 ὑμῖν
1283 1099 1454 1154 ἐγκαλεῖ

59 1183 91 1208 15
111 1180 214 1207 ποτε
240 1173 327 1207 τῶν
347 1164 568 1219 Ἑλλήνων
594 1167 649 1215 ὡς
675 1168 758 1219 ἄρα
783 1167 1000 1222 παρέβητέ
1022 1185 1063 1210 τι
1089 1176 1175 1211 τῶν
1201 1178 1325 1226 κοινῇ
1352 1172 1451 1224 ὁμο-

112 1236 406 1291 λογηθέντων,
438 1236 545 1278 ἀλλὰ
578 1238 647 1278 καὶ
671 1236 806 1293 ζχαῖριν
838 1238 1012 1288 ἕξουσιν
1039 1241 1103 1281 ὅτι
1129 1242 1256 1292 μόνοι
1283 1241 1451 1297 ἐξηλέγ-

111 1306 208 1357 ξατε
247 1309 347 1356 τοὺς
386 1313 519 1348 ταῦτα
560 1314 806 1362 ποιοῦντας,
843 1311 973 1363 μικρὰ
1005 1309 1321 1364 ἐπιδραμοῦμαι
1354 1315 1451 1367 περὶ

111 1378 256 1419 αὐτῶν
289 1382 463 1419 πολλῶν
495 1380 647 1421 ὄντων.
698 1378 789 1420 ἔστι
814 1381 896 1433 γὰρ
925 1381 1065 1434 δήπου
1093 1380 1139 1422 ἐν
1166 1382 1450 1438 ταῖς”συνθη’-

110 1465 204 1498 καις
235 1450 315 1502 τὴν
350 1449 573 1490 θάλατταν
597 1448 730 1506 ζπλεῖν
761 1453 862 1499 τοὺς
887 1451 1141 1505 μετέχοντας
1168 1460 1241 1506 τῆς
1268 1456 1452 1510 εἰρήνης,

57 1536 91 1562 20
112 1520 182 1560 καὶ
207 1519 372 1573 μηδένα
398 1521 584 1562 κωλύειν
610 1520 768 1569 αὐτοὺς
794 1522 902 1574 μηδὲ
927 1523 1130 1576 κατάγειν
1150 1528 1306 1566 πλοῖον
1325 1528 1451 1580 μηδε-

112 1592 184 1640 νὸς
210 1590 396 1632 τούτων·
436 1590 512 1632 ἐὰν
533 1591 583 1632 δέ
600 1608 663 1640 τις
683 1593 798 1643 παρὰ
818 1598 951 1634 ταῦτα
972 1600 1087 1649 ποιῇ,
1112 1595 1320 1647 πολέμιον
1340 1594 1451 1639 εἶναι

108 1667 213 1702 πᾶσι
256 1668 347 1710 τοῖς
391 1668 464 1715 τῆς
489 1660 675 1717 [εἰρήνης
708 1662 973 1717 μετέχουσιν.
1022 1663 1194 1721 ζούκοῦν
1232 1664 1263 1707 ὦ
1297 1669 1451 1723 ἄνδρες

0 1740 1 1758 ¹
98 1731 323 1786 Ἀθηναῖοι
355 1731 630 1786 ἐναργέστατ’
660 1734 749 1775 ἰ’στε
785 1734 911 1776 τοῦθ’
948 1735 1032 1776 ὑπὸ
1064 1743 1151 1777 τῶν
1177 1740 1451 1782 ΝῙακεὸόνων

109 1802 421 1856 γεγενημένον
458 1805 517 1852 εἷς
543 1810 671 1846 τοῦτο
696 1822 778 1858 γαρ
800 1808 1068 1859 παρανομίας
1091 1804 1243 1862 ἦλθον,
1262 1810 1370 1851 ὥστε
1391 1813 1450 1860 εἰς

55 1888 87 1914 25
117 1873 305 1915 Τένεδον
344 1888 512 1915 απαντα
537 1873 616 1942 ζτα
633 1874 679 1916 ἐκ
711 1883 788 1917 τοῦ
813 1875 1000 1938 ’Πόντου
1033 1877 1192 1918 πλοῖα“
1156 1882 1452 1948 κατήγαγον,

110 1944 181 1985 καὶ
208 1945 556 1998 σκευωρούμενοι
577 1932 673 2000 περι
694 1947 803 1988 αὐτα
803 1934 1116 2003 ὀὐῖτῗρῃιότ-ερον
1130 1948 1321 2004 ἀνεῖσαν,
1346 1967 1450 2005 πριν

110 2015 230 2067 ὑμεῖς
258 2013 535 2068 ἐψηφίσασθε
561 2020 748 2071 τριήρεις
775 2018 928 2060 ἑκατὸν
953 2023 1150 2072 πληροῦν
1178 2020 1266 2073 [και
1293 2023 1449 2064 καθέλ-

109 2085 220 2140 κειν]
262 2086 398 2135 εὐθὺς
435 2088 549 2141 τότε,
592 2088 661 2129 καὶ
686 2086 942 2145 ιῑ,;()”τρι>ιτηγὸν
981 2089 1043 2130 ἐπ’
1091 2090 1239 2142 αὐταῖς
1278 2093 1449 2143 ἐτάξατε

110 2155 357 2198 ΝΙενεσθέα.
407 2164 497 2206 πῶς
524 2155 604 2199 οὖν
630 2159 709 2200 οὐκ
735 2160 898 2202 ἄτοπον
923 2169 1111 2203 τοσαῦτα
1136 2163 1216 2215 μὲν
1242 2160 1353 2206 εἶναι
1379 2166 1449 2206 καὶ
1476 2183 1483 2190 ·

58 2244 91 2268 30
111 2230 345 2279 τηλικαῦτα
377 2228 428 2268 τὰ
460 2229 719 2282 ἡμαρτημέν’
757 2230 929 2286 ἑτέροις,
961 2236 1060 2282 τοὺς
1087 2233 1124 2274 δ’
1158 2233 1351 2277 ἐνταῦθα
1378 2237 1448 2288 φί-

1482 476 1522 506 18

1482 1115 1521 1145 19

1478 1685 1521 1712 :20
