1689 2531
101 71 187 115 ΧΠ]
481 70 613 103 ΤΠΕΡ
636 70 1066 104 ΜΕΓΑΛΟΠΟΛΙΤῼΝ
1359 69 1436 110 191

164 161 293 218 Οἶμαι
318 166 472 207 τοίνυν
498 163 632 219 ἔγωγε
658 163 818 207 κάκεῖν’
850 165 1142 219 ἐνθυμεῖσθαι
1168 166 1275 220 δεῖν,
1300 166 1366 207 ὅτι
1384 166 1441 220 μὴ
1469 177 1513 208 30

101 234 463 291 προσδεξαμένων
487 236 567 288 μὲν
592 236 716 288 ὑμῶν
741 238 842 286 τοὺς
870 237 1242 291 ῧΙεγαλοπολίτας,
1267 235 1344 278 ἐὰν
1363 237 1442 289 μὲν

101 306 398 361 ἀναιρεθῶσιν
424 307 495 347 καὶ
522 308 840 362 διοικισθῶσιν,
867 309 1060 362 ἰσχυροῖς
1080 308 1442 360 Λακεδαιμονίοις

101 376 220 419 ἔστιν
252 377 388 427 εὐθὺς
422 373 546 431 εἶναι,
579 376 654 419 ἐὰν
687 378 734 419 δὲ
761 382 969 434 σωθῶσιν
994 379 1089 433 ἄρα,
1115 378 1170 427 ὡς
1196 379 1278 432 ἤδη
1304 394 1345 420 τι
1371 379 1442 419 καὶ

63 466 78 491 5
100 445 198 503 παρ’
231 447 406 498 ἐλπίδας
433 447 569 502 ἐξέβη,
593 448 763 503 βέβαιοι
790 449 1005 503 σύμμαχοι
1036 451 1239 503 Θηβαίων
1266 450 1442 499 δικαίως

101 517 292 561 ἔσονται·
330 518 384 560 ἂν
416 519 464 560 δὲ
495 519 809 574 προσδέξησθε,
840 520 1010 569 τούτοις
1042 520 1122 573 μὲν
1153 519 1333 574 ὑπάρξει
1359 521 1440 574 ἤδη

101 593 300 647 σωθῆναι
333 588 388 631 δι’
425 590 549 644 ὑμᾶς,
578 591 626 631 τὸ
661 591 707 632 δὲ
741 592 1086 645 συμβησόμενον,
1119 591 1227 646 [καὶ]
1260 592 1337 632 τὸν
1362 597 1441 632 τοῦ

99 661 310 702 κινδύνου
333 662 542 715 λογισμὸν
556 662 896 715 μετενεγκόντες,
911 669 1137 714 σκοπῶμεν
1152 660 1221 703 ἐπὶ
1240 663 1442 716 Θηβαίων

100 731 170 772 καὶ
205 732 575 784 Λακεδαιμονίων.
626 731 680 773 ἂν
717 732 796 784 μὲν
834 734 989 788 τοίνυν,
1024 736 1442 786 καταπολεμηθῶσιν
1469 743 1511 774 31

47 820 78 845 10
99 803 139 843 οἱ
171 804 366 856 Θηβαῖοι,
397 802 540 856 ὥσπερ
575 802 734 851 αὐτοὺς
761 803 839 856 δεῖ,
864 803 944 843 οὐκ
971 801 1142 844 ἔσονται
1169 805 1338 855 μείζους
1363 809 1441 844 τοῦ

100 872 273 922 δέοντος
306 874 345 914 οἱ
379 874 730 927 Λακεδαιμόνιοι,
761 874 943 922 τούτους
975 872 1145 927 ἔχοντες
1178 873 1441 923 ἀντιπάλους

99 945 198 993 τοὺς
214 941 419 998 Ἀρκάδας
446 943 574 998 ἐγγὺς
601 945 847 993 οἰκοῦντας·
892 943 946 985 ἂν
982 942 1018 985 δ’
1051 943 1343 998 ἀνενέγκωσιν
1370 942 1435 998 ἄρ’

99 1015 138 1056 οἱ
181 1016 364 1068 Θηβαῖοι
408 1015 479 1056 καὶ
525 1018 751 1071 σωθῶσιν,
794 1012 885 1055 ἀλλ’
930 1011 1011 1056 οὖν
1049 1014 1363 1068 ἀσθενέστεροί
1398 1012 1435 1068 γ’

98 1082 284 1139 ἔσονται,
303 1086 406 1139 ἡμῖν
427 1085 663 1140 συμμάχων
683 1085 984 1139 γεγενημένων
1005 1087 1141 1127 τῶνδε
1161 1086 1231 1126 καὶ
1253 1084 1310 1127 δι’
1334 1087 1442 1139 ἡμᾶς

45 1172 77 1197 15
99 1155 367 1212 σεσωμένων.
404 1156 514 1197 ὥστε
534 1163 728 1211 πανταχῇ
750 1156 961 1210 συμφέρει
981 1159 1084 1210 μήτε
1105 1156 1320 1211 προέσθαι
1340 1158 1442 1206 τοὺς

90 1224 295 1280 Ἀρκάδας
320 1228 424 1280 μήτε
457 1225 514 1268 δι’
550 1227 725 1281 αὐτούς,
758 1226 811 1268 ἂν
846 1228 928 1280 ἄρα
964 1231 1183 1283 σωθῶσιν,
1218 1242 1442 1281 περιγεγο-

99 1296 222 1338 νέναι
250 1298 408 1351 δοκεῖν,
432 1297 540 1351 μηδὲ
567 1296 622 1339 δι’
655 1299 812 1346 ἄλλους
838 1298 971 1352 τινάς,
997 1298 1105 1338 ἀλλὰ
1132 1296 1187 1339 δι’
1219 1298 1339 1350 ὑμᾶς.

152 1365 262 1422 Ἐγὼ
289 1368 369 1420 μὲν
389 1365 471 1410 οὖν
497 1365 529 1409 ὦ
557 1369 712 1423 ἄνδρες
730 1366 953 1422 Ἀθηναῖοι
978 1370 1036 1420 μὰ
1062 1370 1162 1418 τοὺς
1189 1370 1321 1418 θεοὺς
1343 1369 1442 1410 οὔτε
1469 1380 1512 1411 32

101 1441 245 1492 φιλῶν
265 1438 522 1493 οὐδετέρους
544 1439 643 1480 οὔτε
663 1447 803 1491 μισῶν
825 1440 913 1495 ἱδίςι
935 1439 1095 1493 εἴρηκα,
1121 1437 1211 1480 ἀλλ’
1238 1439 1264 1481 ἃ
1284 1441 1440 1491 νομίζω

47 1526 81 1550 20
101 1508 342 1563 συμφέρειν
374 1510 496 1562 ὑμῖν·
535 1510 605 1550 καὶ
633 1517 828 1563 παραινῶ
856 1511 911 1563 μὴ
939 1510 1155 1562 προέσθαι
1182 1513 1441 1564 Μεγαλοπο-

101 1581 236 1633 λίτας,
279 1578 376 1633 μηδ’
421 1581 555 1622 ἄλλον
600 1579 743 1629 ἁπλῶς
781 1580 945 1634 μηδένα
983 1587 1070 1621 τῶν
1109 1579 1351 1622 ἐλαττόνων
1389 1585 1448 1636 τῷ

100 1651 274 1702 μείζονι.
