1689 2531
217 67 300 108 122
699 67 1074 101 ΔΗΜΟΣΘΕΝΟΤΣ
1522 67 1571 111 xx

144 177 187 207 14
214 163 329 214 ξεται
355 165 463 217 πρὸς
489 163 611 216 ὑμᾶς.
650 162 746 205 ἐστὲ
768 164 851 218 γὰρ
871 163 994 216 ὑμεῖς
1014 163 1095 205 οὐκ
1114 163 1239 205 αὐτοὶ
1259 167 1570 217 πλεονεκτῆσαι

144 602 187 632 15

149 1315 190 1345 16

213 235 285 277 καὶ
317 241 549 289 κατασχεῖν
581 233 720 289 ἀρχὴν
750 231 798 276 εὖ
825 235 1087 289 πεφυκότες,
1118 232 1210 275 ἀλλ’
1242 233 1393 288 ἕτερον
1419 237 1571 289 λαβεῖν

213 310 406 348 κωλῦσαι
438 306 511 347 καὶ
542 303 681 361 ἔχοντ’
714 305 959 360 ἀφελέσθαι
988 306 1059 347 καὶ
1086 306 1195 355 ὅλως
1223 303 1454 360 ἐνοχλῆσαι
1479 313 1569 356 τοῖς

214 377 365 432 ἄρχειν
396 377 683 430 βουλομένοις
715 377 787 418 καὶ
819 376 983 426 πάντας
1016 375 1281 431 ἀνθρώπους
1308 378 1368 426 εἷς
1395 375 1571 419 ἐλευθε-

215 449 316 502 ρίαν
343 446 568 498 ἐξελέσθαι
595 449 745 490 δεινοί.
785 447 949 489 οὔκουν
974 448 1175 501 βούλεται
1204 454 1294 497 τοῖς
1321 447 1457 490 αὑτοῦ
1483 463 1574 490 και-
1594 468 1609 494 5

215 525 308 573 ροῐς
345 520 427 574 τὴν
464 517 563 575 παρ’
607 519 713 572 ὑμῖν
752 518 1011 573 ἐλευθερίαν
1044 517 1318 573 ἐφεδρεύειν,
1349 518 1402 560 οὐ
1434 526 1572 569 κακῶς

216 590 309 634 οὐδ’
348 591 490 646 ἀργῶς
528 597 664 632 ταῦτα
702 592 989 645 λογιζόμενος.
1040 597 1214 644 πρῶτον
1246 590 1326 642 μὲν
1358 591 1411 644 δὴ
1443 596 1573 633 τοῦτο

217 664 295 718 δεῖ,
321 661 487 718 ἐχθρὸν
512 661 802 716 ὑπειληφέναι
828 668 902 715 τῆς
929 662 1147 710 πολιτείας
1173 661 1244 702 καὶ
1264 667 1338 715 τῆς
1359 661 1574 715 δημοκρα-

216 736 308 784 τίας
335 733 627 775 ἀδιάλλακτον
654 731 837 786 ἐκεῖνον,
860 733 1068 787 δεύτερον
1090 730 1126 774 δ’
1154 731 1316 774 εἰδέναι
1338 739 1487 787 σαφῶς
1508 733 1573 775 ὅτι

215 802 350 846 πάνθ’
384 805 464 846 ὅσα
495 804 842 859 πραγματεύεται
874 804 945 845 καὶ
977 803 1334 854 κατασκευάζεται
1366 809 1470 858 νῦν,
1505 802 1574 845 ἐπὶ
1596 823 1628 847 ιο

215 878 296 931 την
310 875 522 930 ἡμετέραν
536 876 667 917 πόλιν
687 875 1065 929 παρασκευάζεται.
1087 874 1139 916 οὐ
1155 875 1237 929 γὰρ
1254 874 1390 924 οὕτως
1406 875 1570 929 εὐήθης

216 947 340 1000 ὑμῶν
361 945 480 988 ἐστὶν
498 946 656 1000 οὐδείς,
675 943 785 987 ὥσθ’
801 946 1132 999 ὑπολαμβάνειν
1145 946 1224 987 τὸν
1243 946 1465 987 Φίλιππον
1484 953 1572 988 τῶν

216 1019 296 1071 μὲν
317 1017 364 1059 ἐν
383 1015 530 1075 Θράκῃ
552 1025 697 1058 κακῶν
719 1016 781 1073 (τί
798 1018 881 1071 γὰρ
903 1016 958 1058 ἂν
978 1017 1083 1058 ἄλλο
1105 1032 1168 1066 τις
1190 1016 1303 1058 εἴποι
1319 1018 1573 1071 Δρογγίλον

217 1089 288 1131 καὶ
300 1089 515 1143 Καβύλην
529 1089 600 1129 καὶ
615 1088 875 1142 [Μάστειραν
889 1088 960 1129 καὶ
976 1088 1000 1129 ἃ
1016 1094 1101 1129 νῦν
1117 1098 1254 1141 φασιν
1268 1087 1404 1129 αὐτὸν
1419 1086 1571 1145 ἕχειν;>

216 1161 385 1202 τούτων
411 1160 491 1212 μὲν
525 1157 760 1212 ἐπιθυμεῖν
792 1159 863 1200 καὶ
896 1159 1004 1213 ὑπὲρ
1038 1165 1116 1200 τοῦ
1148 1164 1284 1200 ταῦτα
1317 1160 1468 1212 λαβεῖν
1500 1160 1572 1201 καὶ
1594 1177 1625 1203 15

218 1233 381 1280 πόνους
408 1231 479 1272 καὶ
506 1238 718 1286 χειμῶνας
744 1230 815 1271 καὶ
841 1232 943 1279 τοὺς
970 1228 1177 1284 ἐσχάτους
1204 1230 1441 1279 κινδύνους
1467 1230 1574 1272 ὑπο-

218 1302 381 1357 μένειν,
406 1309 494 1343 τῶν
515 1300 553 1343 δ’
574 1300 821 1355 Ἀθηναίων
842 1301 1032 1354 λιμένων
1057 1302 1129 1342 καὶ
1149 1302 1346 1356 νεωρίων
1366 1301 1436 1343 καὶ
1456 1305 1576 1357 τριή-

220 1390 310 1429 ρων
336 1374 406 1414 καὶ
428 1374 564 1415 τόπου
591 1373 663 1414 καὶ
691 1372 830 1426 δόξης,
857 1370 919 1414 ὧν
946 1370 1039 1426 μήτ’
1068 1371 1217 1429 ἐκείνῳ
1244 1370 1339 1426 μήτ’
1366 1373 1481 1429 ἄλλῳ
1507 1372 1577 1426 γε’-

218 1460 339 1486 νοιτο
372 1445 527 1498 μηδενὶ
560 1444 865 1501 χειρωσαμένῳ
892 1445 973 1498 τὴν
1000 1445 1130 1485 πόλιν
1156 1444 1236 1498 τὴν
1265 1443 1477 1499 ἡμετέραν
1503 1459 1576 1485 κυ-

220 1522 402 1570 ριεῦσαι,
417 1515 497 1557 οὐκ
514 1514 761 1570 ἐπιθυμεῖν,
776 1514 885 1556 ἀλλὰ
905 1521 1041 1556 ταῦτα
1061 1515 1140 1567 μὲν
1155 1515 1264 1567 ὑμᾶς
1281 1513 1426 1556 ἐάσειν
1446 1513 1573 1570 ἔχειν,
1593 1533 1626 1557 20

219 1587 329 1641 ὑπὲρ
352 1588 399 1628 δὲ
414 1593 501 1628 τῶν
516 1590 706 1639 μελινῶν
722 1587 793 1628 καὶ
808 1593 896 1628 τῶν
911 1586 1085 1641 ὀλυρῶν
1099 1593 1187 1628 τῶν
1203 1584 1250 1627 ἐν
1263 1593 1353 1635 τοῖς
1372 1587 1576 1643 Θρᾳκίοις

221 1666 359 1713 σιροῖς
393 1657 440 1699 ἐν
473 1663 532 1715 τῷ
559 1657 772 1714 βαράθρῳ
800 1657 1026 1712 χειμάζειν.
1066 1657 1145 1699 οὐκ
1171 1655 1263 1698 ἔστι
1289 1663 1436 1712 ταῦτα,
1467 1656 1576 1699 ἀλλὰ

221 1727 381 1771 κάκεῖν’
414 1729 523 1782 ὑπὲρ
556 1735 634 1771 τοῦ
667 1730 836 1770 τούτων
868 1730 1102 1782 γίγνεσθαι
1136 1729 1285 1782 κύριος
1312 1729 1383 1769 καὶ
1411 1727 1415 1784 Ι
1443 1729 1579 1770 τᾶλλα
1600 1732 1671 1768 136

221 1801 362 1842 πάντα
389 1800 749 1854 πραγματεύεται.
787 1806 922 1841 ταῦτα
948 1801 1102 1841 τοίνυν
1129 1799 1313 1841 ἕκαστον
1339 1800 1484 1841 εἰδότα
1507 1800 1578 1841 καὶ

221 1872 523 1926 γιγνώσκοντα
556 1869 654 1925 παρ’
687 1871 803 1927 αὑτῷ
825 1872 892 1912 δεῖ
917 1871 975 1923 μὰ
1001 1868 1078 1912 Δί’
1111 1870 1164 1913 οὐ
1191 1870 1356 1925 γράψαι
1382 1871 1576 1912 κελεύειν
1599 1890 1631 1915 25

222 1944 414 1995 πόλεμον
434 1943 511 1984 τὸν
525 1943 577 1983 τὰ
591 1940 776 1995 βέλτιστ’
798 1941 866 1984 ἐπὶ
881 1948 986 1983 πᾶσι
1002 1943 1027 1983 δ
1031 1943 1185 1991 ικαίοις
1202 1942 1578 1995 συμβουλεύοντα·

221 2020 350 2056 τοῦτο
378 2014 458 2066 μὲν
484 2013 565 2067 γάρ
595 2012 684 2054 ἐστι
712 2015 864 2067 λαβεῖν
890 2014 974 2070 ὅτῳ
1001 2014 1264 2066 πολεμήσετε
1284 2012 1580 2066 βουλομένων,

154 2097 196 2128 18
225 2085 303 2140 οὐχ
331 2085 356 2127 ἃ
383 2092 434 2141 τῇ
461 2086 583 2126 πόλει
612 2084 825 2138 συμφέρει
852 2084 1069 2137 πράττειν.
1115 2083 1242 2138 ὁρᾶτε
1268 2083 1363 2137 γάρ.
1402 2085 1439 2125 εἰ
1466 2081 1521 2125 δι’
1554 2083 1580 2126 ἃ

223 2163 372 2211 πρῶτα
399 2156 732 2210 παρεσπόνδησε
758 2157 971 2205 Φίλιππος
995 2154 1019 2209 ἢ
1042 2153 1206 2210 δεύτερ’
1232 2154 1257 2208 ἢ
1279 2156 1402 2209 τρίτα
1423 2153 1580 2211 (πολλὰ

223 2228 304 2282 γάρ
334 2226 453 2269 ἐστιν
480 2225 651 2283 ἐφεξῆς)
679 2225 845 2282 ἔγραψέ
862 2243 925 2277 τις
946 2227 1062 2284 αὐτῷ
1077 2230 1294 2281 πολεμεῖν,
1315 2226 1336 2268 ὁ
1359 2223 1396 2268 δ’
1423 2226 1579 2279 ὁμοίως
1600 2244 1633 2269 30
