1689 2531
141 64 205 110 111]
621 64 944 98 οΛΤΝΘΙΑΚοΣ
969 65 998 96 Γ
1426 63 1481 104 27

140 175 218 201 τον
243 157 336 209 ἔτος
367 160 502 214 τουτί,
521 157 704 214 “Ηραῖον
734 166 873 214 τεῖχος
904 163 1163 214 πολιορκῶν.
1201 161 1298 202 τότε
1329 161 1484 201 τοίνυν

140 231 227 285 μὴν
250 230 331 282 μὲν
355 227 411 283 ἦν
436 230 779 284 μαιμακτηριών·
804 233 979 272 πολλῶν
1006 231 1054 272 δὲ
1080 231 1224 285 λόγων
1250 231 1320 272 καὶ
1346 231 1484 285 θορύ-

140 303 222 354 βου
264 301 528 355 γιγνομένου
569 298 668 355 παρ’
714 301 820 353 ὑμῖν
855 299 1134 355 ἐψηφίσασθε
1168 301 1483 355 τετταράκοντα

139 373 327 426 τριήρεις
346 371 580 413 καθέλκειν
599 371 670 413 καὶ
689 373 791 420 τοὺς
805 371 929 426 μέχρι
951 371 1079 413 πέντε
1093 372 1164 413 καὶ
1178 371 1477 426 τετταράκοντ’

103 459 119 485 5
140 440 249 484 ἐτῶν
280 441 440 492 αὐτοὺς
467 441 691 496 ἐμβαίνειν
717 443 787 483 καὶ
813 440 995 484 τάλανθ’
1029 440 1218 496 ἑξήκοντ’
1251 443 1482 497 εἰσφέρειν.

138 513 210 554 καὶ
234 514 340 565 μετὰ
359 519 494 555 ταῦτα
514 514 770 562 διελθόντος
791 519 868 555 τοῦ
891 511 1094 555 ἐνιαυτοῦ
1115 513 1287 568 τούτου,
1307 512 1484 566 ἑκατομ-
1509 526 1529 555 5

137 584 294 638 βαιών,
333 584 660 638 μεταγειτνιών,
699 584 996 637 βοηδρομιών·
1036 584 1194 626 τούτου
1235 590 1313 626 τοῦ
1348 585 1482 638 μηνὸς

68 659 117 694 30
137 655 261 708 μόγις
292 655 398 707 μετὰ
428 655 481 695 τὰ
511 655 727 708 μυστήρια
753 654 856 696 δέκα
882 661 989 704 ναῦς
1016 652 1294 696 ἀπεστείλατ’
1327 653 1481 709 ἔχοντα

137 726 263 775 κενὰς
293 726 545 779 Χαρίδημον
577 726 648 766 καὶ
679 725 807 767 πέντε
839 723 1012 767 τάλαντ’
1052 725 1279 780 ἀργυρίου.
1317 726 1373 775 ὡς
1398 727 1480 780 γὰρ

84 814 117 839 10
137 796 331 850 ἠγγέλθη
365 798 578 845 Φίλιππος
609 795 815 837 ἀσθενῶν
842 795 865 850 ἢ
893 797 1084 845 τεθνεώς
1112 794 1270 852 (ἦλθεν
1295 797 1377 850 γὰρ
1404 796 1482 849 ἀμ-

138 866 339 922 φότερα),
371 866 515 908 οὐκέτι
540 867 694 921 καιρὸν
721 866 881 908 οὐδένα
907 873 985 908 τοῦ
1012 869 1199 921 βοηθεῖν
1223 869 1480 920 νομίσαντες

137 936 275 993 ἀφεῖτ’
314 941 346 979 ὠ
373 938 530 990 ἄνδρες
550 936 771 991 Ἀθηναῖοι
796 939 874 979 τὸν
901 937 1157 980 ἀπόστολον.
1201 935 1257 991 ἦν
1284 936 1321 979 δ’
1354 935 1480 988 οὗτος

137 1008 159 1050 ὁ
186 1009 334 1062 καιρὸς
361 1009 507 1058 αὑτός·
535 1010 571 1050 εἰ
597 1009 679 1062 γὰρ
706 1006 791 1050 τότ’
826 1007 952 1050 ἐκεῖσ’
985 1007 1304 1064 ἐβοηθήσαμεν,
1335 1009 1478 1063 ὥσπερ

137 1077 458 1134 ἐψηφισάμεθα,
492 1079 744 1133 προθύμως,
779 1079 858 1120 οὐκ
894 1078 948 1120 ἂν
983 1079 1167 1134 ’ἠνώχλει
1202 1085 1287 1121 νῦν
1321 1080 1424 1133 ἡμῖν
1457 1080 1478 1122 ὁ

84 1167 115 1192 15
141 1151 354 1199 Φίλιππος
381 1151 551 1199 σωθείς.

201 1221 261 1261 Τὰ
292 1221 372 1273 μὲν
405 1221 457 1274 δὴ
491 1221 585 1261 τότε
617 1218 852 1275 πραχθέντ’
892 1220 971 1262 οὐκ
1005 1219 1058 1261 ἂν
1085 1221 1223 1270 ἄλλως
1250 1219 1357 1275 ἔχοι·
1395 1229 1480 1263 νῦν
1507 1233 1526 1263 6

137 1288 173 1332 δ’
206 1289 354 1343 ἑτέρου
381 1292 571 1343 πολέμου
598 1292 746 1344 καιρὸς
772 1291 865 1344 ἥκει
891 1307 968 1345 τις,
994 1288 1049 1332 δι’
1083 1291 1134 1332 ὃν
1160 1291 1231 1332 καὶ
1256 1293 1355 1346 περὶ
1381 1293 1479 1334 τού-

135 1377 223 1403 των
255 1360 494 1416 ἐμνήσθην,
528 1362 600 1403 ἵνα
626 1363 682 1416 μὴ
709 1362 843 1403 ταύτὰ
869 1362 1051 1415 πάθητε.
1090 1363 1132 1403 τί
1158 1363 1210 1416 δὴ
1237 1364 1462 1417 χρησόμεθ

136 1429 168 1473 ὦ
195 1432 351 1485 ἄνδρες
367 1430 592 1486 Ἀθηναῖοι
618 1433 776 1489 τούτῳς
811 1434 846 1474 εἰ
873 1433 955 1486 γὰρ
983 1433 1039 1485 μὴ
1073 1433 1317 1486 βοηθήσετε
1349 1434 1478 1475 παντὶ

81 1521 114 1546 20
136 1502 287 1544 σθένει
324 1503 431 1544 κατὰ
467 1504 516 1544 τὸ
556 1504 767 1558 δυνατόν,
804 1501 1019 1545 θεάσασθ’
1064 1503 1116 1544 ὃν
1154 1504 1319 1557 τρόπον
1356 1504 1478 1556 ὑμεῖς

135 1572 496 1627 ἐστρατηγηκότες
528 1571 651 1615 πάντ’
690 1572 838 1615 ἔσεσθ’
868 1574 977 1627 ὑπὲρ
1011 1575 1242 1615 Φιλίππου.
1280 1574 1477 1629 ὑπῆρχον
1511 1597 1518 1615 ι

129 1642 355 1686 Ὀλύνθιοι
388 1645 577 1696 δύναμίν
608 1660 707 1686 τινα
741 1645 1012 1698 κεκτημένοι,
1043 1645 1113 1686 καὶ
1148 1642 1325 1686 διέκειθ’
1364 1645 1476 1686 οὕτω

134 1716 186 1756 τὰ
211 1715 456 1769 πράγματα·
484 1715 583 1757 οὔτε
616 1717 829 1765 Φίλιππος
858 1714 1037 1769 ἐθάρρει
1063 1716 1246 1765 τούτους
1273 1714 1372 1757 οὔθ’
1405 1713 1477 1757 οὗ-

123 1801 200 1827 «tot,
232 1787 462 1827 Φίλιππον.
509 1784 751 1840 ἐπράξαμεν
783 1787 903 1839 ἡμεῖς
935 1785 1127 1827 κάκεῖνοι
1152 1787 1260 1840 πρὸς
1289 1787 1394 1840 ἡμᾶς
1421 1789 1478 1828 εῖ-

82 1873 114 1898 25
135 1858 291 1910 ρήνην·
323 1854 378 1910 ἧν
409 1854 534 1898 τοῦθ’
571 1857 714 1911 ὥσπερ
749 1855 992 1909 ἐμπόδισμά
1024 1873 1065 1898 τι
1097 1862 1156 1913 τῷ
1178 1858 1380 1914 Φιλίππῳ
1407 1858 1477 1899 καὶ

134 1926 358 1981 δυσχερές,
389 1928 518 1968 πόλιν
549 1927 741 1981 μεγάλην
773 1926 1101 1981 ἐφορμεῑντοῖς
1128 1926 1285 1969 ἑαυτοῦ
1311 1935 1476 1981 καιροῖς

135 1997 454 2052 διηλλαγμένην
473 1999 579 2051 πρὸς
602 1998 718 2051 ἡμᾶς.
755 1996 1049 2050 ἐκπολεμῶσαι
1070 1998 1164 2039 δεῖν
1184 1996 1356 2055 ᾠόμεθα
1376 2000 1476 2048 τοὺς

134 2067 397 2122 ἀνθρώπους
431 2067 475 2109 ἐκ
507 2070 668 2117 παντὸς
706 2069 890 2122 τρόπου,
926 2070 997 2110 καὶ
1036 2069 1220 2118 ἅπαντες
1253 2067 1476 2122 ἐθρύλουν

133 2144 278 2180 τοῦτο·
311 2138 550 2192 πέπρακται
576 2139 678 2180 νυνὶ
704 2138 830 2180 τοῦθ’
863 2139 1156 2192 ὁπωσδήποτε.
1194 2140 1238 2180 τί
1262 2136 1343 2180 οὖν
1369 2139 1475 2181 ὑπό-
1502 2150 1521 2179 8

79 2226 113 2251 so
134 2212 287 2250 λοιπον
313 2207 345 2250 ὦ
372 2210 528 2264 ἄνδρες
547 2207 767 2263 Ἀθηναῖοι
788 2210 902 2263 πλὴν
921 2212 1107 2264 βοηθεῖν
1134 2208 1385 2263 ἐρρωμένως
1405 2210 1475 2251 καὶ
