1689 2531
101 92 178 138 vn]
550 94 665 125 ΠΕΡΙ
690 93 999 125 ΑΛΟΝΝΗΣΟΤ
1394 91 1447 132 73

101 189 208 242 πρὸς
243 187 456 242 ἀλλήλους
493 186 518 241 ἢ
551 193 637 229 νῦν
674 189 804 229 εἰσίν·
836 185 903 242 ἐφ’
941 188 1045 241 ἡμῖν
1079 188 1161 242 γὰρ
1205 185 1260 241 ἦν
1291 188 1316 241 ἡ
1349 191 1449 229 stla-

101 259 278 301 κεδονία
320 259 391 300 καὶ
430 260 596 313 φόρους
633 258 737 312 ἡμῖν
775 257 954 314 ἔφερον,
990 259 1062 300 καὶ
1099 265 1188 308 τοῖς
1227 257 1449 311 ἐμπορίοις

101 331 198 371 τότε
229 333 396 382 μᾶλλον
426 329 451 383 ἢ
483 336 569 371 νῦν
600 330 720 383 ἡμεῖς
751 337 841 379 τοῖς
874 328 961 371 ἐκεῖ
991 329 1184 371 κάκεῖνοι
1219 336 1309 378 τοῖς
1344 327 1443 383 παρ’

102 402 206 455 ἡμῖν
243 399 451 455 ἐχρῶντο,
487 401 559 442 καὶ
598 399 826 454 ἐμπορικαὶ
864 393 981 442 δίκαι
1019 400 1099 441 οὐκ
1137 397 1268 455 ἦσαν,
1303 400 1448 454 ὥσπερ

67 478 199 526 5νῦν,
236 471 441 525 ἀκριβεῖς7
478 472 521 512 αἱ
561 472 668 513 κατὰ
703 477 828 524 μῆνα,
866 477 1072 513 ποιοῦσαι
1104 471 1241 525 μηδὲν
1273 472 1450 513 δεῖσθαι

104 543 335 596 συμβόλων
362 544 464 592 τοὺς
489 548 702 584 τοσοῦτον
722 541 923 595 ἀλλήλων
943 541 1191 597 ἀπέχοντας.
1218 539 1310 583 ἀλλ’
1337 542 1450 594 ὅμως

103 613 284 663 οὐδενὸς
321 614 524 655 τοιούτου
559 615 686 662 ὄντος
718 614 827 667 τότε,
866 613 946 654 οὐκ
984 612 1220 655 ἐλυσιτέλει
1252 613 1450 666 σύμβολα

102 683 410 739 ποιησαμένοις
444 681 534 726 οὔτ’
561 682 608 725 ἐκ
633 684 915 733 ΛΙακεδονίας
947 687 1073 725 πλεῖν
1091 681 1296 737 Ἀθήναζε
1329 684 1450 733 δίκας

103 755 383 810 ληψομένοις,
421 753 522 797 οὔθ’
554 756 658 808 ἡμῖν
692 756 751 803 εἰς
785 755 1086 809 ᾹΙακεδονίαν,
1118 752 1209 795 ἀλλ’
1254 755 1374 808 ἡμεῖς
1405 770 1450 796 τε

50 843 83 867 10
102 833 192 876 τοῖς
225 825 312 868 ἐκεῖ
343 828 544 881 νομίμοις
577 824 738 867 ἐκεῖνοί
768 841 812 866 τε
844 833 933 875 τοῖς
965 823 1065 879 παρ’
1090 826 1194 879 ἡμῖν
1224 825 1299 874 τὰς
1329 825 1450 874 δίκας

33 901 81 935 80
103 896 362 951 ἐλάμβανον.
405 898 462 951 μὴ
507 894 590 938 οὖν
633 896 829 950 ἀγνοεῖτε
853 895 857 951 ζ
881 897 945 938 ὅτι
990 898 1041 938 τὰ
1080 896 1278 949 σύμβολα
1315 902 1450 937 ταῦτα

101 969 296 1022 γίγνεται
329 969 388 1017 εἷς
419 968 645 1022 ὑποδοχὴν
676 974 755 1009 τοῦ
782 965 879 1021 μηδ’
906 967 1233 1022 ἀμφισβητῆσαι
1260 966 1450 1020 εὐλόγως

100 1039 210 1092 ὑμᾶς
236 1037 298 1081 ἔτι
326 1039 600 1088 Ποτειδαίας.

160 1110 273 1164 Περὶ
293 1110 341 1152 δὲ
361 1117 448 1151 τῶν
469 1113 639 1167 λῃστῶν
660 1111 831 1151 δίκαιόν
852 1122 988 1164 φησιν
1009 1105 1120 1150 εἶναι
1140 1115 1266 1164 κοινῇ
1287 1107 1449 1163 φυλάτ-

49 1197 80 1223 15
102 1197 193 1222 τειν
230 1182 332 1230 τοὺς
371 1179 418 1222 ἑν
456 1188 507 1236 τῇ
545 1180 740 1237 θαλάττῃ
772 1186 1127 1233 κακουργοῦντας
1159 1179 1269 1232 ὑμᾶς
1301 1195 1346 1220 τε
1378 1179 1449 1220 καὶ

101 1252 248 1306 αὑτόν,
268 1251 400 1293 οὐδὲν
414 1250 505 1292 ἀλλ’
526 1251 549 1305 ἢ
566 1249 681 1293 τοῦτ’
708 1250 853 1305 ἀξιῶν,
874 1251 947 1305 ὑφ’
968 1251 1092 1303 ὑμῶν
1112 1252 1172 1299 εἷς
1192 1251 1272 1304 τὴν
1287 1250 1450 1292 θάλατ-

101 1339 180 1364 ταν
206 1326 545 1376 κατασταθῆναι,
570 1322 641 1363 καὶ
668 1322 933 1376 ὁμολογῇ-σαι
956 1321 1066 1373 ὑμᾶς
1086 1321 1142 1370 ὡς
1163 1322 1268 1362 ἄνευ
1295 1322 1450 1362 Φιλίπ-

101 1409 185 1435 που
224 1393 328 1435 οὐδὲ
365 1394 446 1448 τὴν
484 1392 531 1434 ἐν
569 1400 619 1448 τῇ
657 1393 853 1449 θαλάττῃ
892 1393 1094 1447 φυλακὴν
1133 1393 1318 1433 δυνατοί
1355 1390 1449 1433 ε’στε

102 1464 351 1520 φυλάττειν,
377 1462 439 1505 ἔτι
466 1464 514 1506 δὲ
539 1465 609 1505 καὶ
637 1464 826 1516 δοθῆναι
854 1463 971 1520 αὐτῷ
992 1464 1155 1516 ταύτην
1180 1464 1261 1517 τὴν
1282 1463 1446 1516 ἄδειαν,

49 1551 82 1576 2⁰
101 1535 378 1589 περιπλέοντι
404 1536 475 1576 καὶ
497 1534 760 1590 ὁρμιζομένῳ
784 1536 842 1583 εἰς
864 1535 937 1583 τὰς
958 1536 1119 1587 νήσους
1140 1532 1209 1574 ἐπὶ
1230 1532 1450 1587 προφάσει

101 1613 153 1662 τῇ
184 1613 272 1648 τῶν
306 1609 476 1663 λῃστῶν
503 1609 675 1661 φυλακῇ
704 1607 985 1658 διαφθείρειν
1011 1607 1111 1654 τοὺς
1138 1605 1351 1658 νησιώτας
1379 1605 1449 1645 καὶ

101 1669 339 1731 ἀφιστάναι
364 1677 500 1731 ὑμῶν,
525 1677 595 1718 καὶ
623 1678 678 1730 μὴ
706 1678 845 1728 μόνον
871 1677 973 1725 τοὺς
1000 1675 1200 1731 φυγάδας
1221 1677 1322 1724 τοὺς
1342 1674 1442 1729 παρ’

102 1746 260 1789 ἑαυτοῦ
293 1749 352 1797 εἰς
383 1747 530 1789 Θάσον
562 1747 835 1799 κεκομικέναι
862 1747 934 1789 διὰ
960 1754 1047 1788 τῶν
1073 1746 1295 1798 ὑμετέρων
1322 1757 1449 1799 στρα-

101 1825 257 1872 τηγῶν,
289 1817 398 1859 ἀλλὰ
428 1818 499 1859 καὶ
531 1818 604 1868 τὰς
637 1819 768 1867 ἄλλας
799 1820 961 1871 νήσους
988 1818 1311 1870 οἰκειώσασθαι,
1344 1828 1450 1869 συμ-

49 1904 81 1930 25
101 1888 282 1941 πέμπων
307 1891 409 1938 τοὺς
435 1888 759 1941 πλευσομένους
785 1889 890 1940 μετὰ
915 1895 1002 1930 τῶν
1027 1887 1248 1941 ὑμετέρων
1270 1898 1449 1941 στρατη-

102 1966 193 2013 γῶν
237 1959 292 2009 ὡς
331 1961 680 2013 κοινωνήσοντας
722 1965 794 2013 τῆς
833 1960 939 2000 κατὰ
977 1959 1202 2000 θάλατταν
1241 1961 1447 2013 φυλακῆς.

102 2031 242 2072 καίτοι
269 2031 320 2072 οὔ
348 2032 484 2085 φασίν
510 2045 624 2080 τινες
651 2030 786 2071 αὐτὸν
812 2031 1103 2083 προσδεῖσθαι
1123 2036 1197 2082 τῆς
1218 2029 1447 2082 θαλάττης.

103 2101 125 2142 ὁ
153 2098 191 2142 δ’
224 2100 356 2143 οὐδὲν
390 2102 594 2153 δεόμενος
621 2103 809 2155 τριήρεις
835 2102 1192 2151 κατασκευάζεται.
1218 2100 1289 2141 καὶ
1315 2111 1448 2141 νεωσ-

103 2172 249 2221 οίκους
287 2172 578 2224 οἰκοδομεῖται
616 2172 687 2212 καὶ
726 2171 995 2221 ἀποστόλους
1031 2171 1313 2212 ἀποστέλλειν
1345 2170 1448 2224 βού-

50 2259 83 2284 30
105 2246 220 2284 λεται
258 2242 328 2283 καὶ
368 2242 562 2291 δαπάνας
601 2242 653 2284 οὐ
692 2243 844 2296 μικρὰς
883 2243 1084 2283 δαπανᾶν
1117 2243 1176 2291 εἰς
1209 2243 1310 2290 τοὺς
1341 2242 1449 2282 κατὰ

1478 552 1520 583 13

1478 1120 1521 1150 14

1475 1474 1517 1504 15

1477 2040 1518 2071 16
