1689 2531
100 95 190 138 vm]
438 94 554 126 ΠΕΡΙ
578 93 676 126 ΤΩΝ
702 94 765 125 EN
791 92 1103 125 ΧΕΡΡΟΝΗΣΩΙ
1388 90 1441 132 91

99 188 203 245 σιν),
228 188 379 231 οὐδενὶ
403 188 551 241 μέντοι
577 191 744 240 μᾶλλον
774 188 799 242 ἢ
832 194 884 244 τῇ
910 188 1106 244 πολιτείᾳ
1131 191 1320 242 πολεμεῖ,
1346 185 1438 228 οὐδ’

98 258 372 313 ἐπιβουλεύει
403 259 475 300 καὶ
507 266 659 300 σκοπεῖ
683 262 850 311 μᾶλλον
882 259 986 300 οὐδὲ
1018 258 1067 300 ἓν
1097 265 1186 299 τῶν
1216 257 1394 299 πάντων
1419 257 1445 311 ἢ

96 338 186 380 πῶς
216 330 380 384 ταύτην
411 330 655 371 καταλύσει.
693 329 765 370 καὶ
797 327 912 371 τοῦτ’
951 330 1124 378 εἰκότως
1159 330 1324 383 τρόπον
1348 328 1447 370 τινὰ

96 401 290 456 πράττει·
326 396 446 442 οἶδεν
480 401 562 455 γὰρ
596 400 784 455 ἀκριβῶς
820 401 886 442 ὅτι
921 398 1014 442 οὐδ’
1057 399 1110 441 ἂν
1147 399 1325 441 πάντων
1360 406 1447 441 τῶν

0 477 77 513 100
96 473 241 515 ἄλλων
272 471 449 526 γένηται
482 472 650 526 κύριος,
683 469 827 527 οὐΙδὲν
852 469 937 512 ἔστ’
971 471 1088 528 αὐτῷ
1108 472 1294 524 βεβαίως
1320 468 1447 525 ἔχειν,

61 563 77 587 6
97 543 175 593 ἕως
211 543 265 585 ἂν
299 543 421 595 ὑμεῖς
461 544 813 597 δημοκρατῆσθε,
847 540 939 583 ἀλλ’
981 541 1057 583 ε’άν
1091 556 1195 583 ποτε
1231 543 1374 597 συμβῇ
1406 557 1447 582 τι

95 621 304 668 πταῖσμα,
336 614 362 656 ἑὲ
393 615 532 656 πολλὰ
563 610 722 667 γένοιτ’
761 612 815 654 ἂν
841 612 1082 670 ἀνθρώπῳ,
1112 612 1204 667 ἥξει
1229 612 1371 654 πάντα
1395 613 1448 653 τὰ

94 691 181 728 νῦν
213 685 567 739 συμβεβιασμένα
598 686 669 726 καὶ
700 685 1014 739 καταφεύξεται
1046 685 1153 739 πρὸς
1184 684 1312 737 ὑμᾶς·
1353 683 1448 726 ἐστὲ

96 757 178 811 γὰρ
206 757 327 809 ὑμεῖς
353 756 433 798 οὐκ
460 756 585 797 αὐτοὶ
611 760 923 809 πλεονεκτῆσαι
955 756 1024 797 καὶ
1050 763 1284 811 κατασχεῖν
1310 755 1448 810 ἀρχὴν

42 846 76 871 10
95 825 144 870 εὗ
179 828 439 882 πεφυκότες,
472 824 563 868 ἀλλ’
605 826 755 880 ἕτερον
791 829 941 880 λαβεῖν
975 830 1168 868 κωλῦσαι
1200 827 1271 868 καὶ
1302 824 1443 881 ἔχοντ’

96 897 340 953 ἀφελέσθαι
368 899 523 952 δεινοί,
555 898 626 939 καὶ
654 898 762 947 ὅλως
789 896 1020 952 ἐνοχλῆσαι
1052 905 1141 946 τοῖς
1168 898 1318 952 ἄρχειν
1343 899 1448 950 βου-

99 969 297 1022 λομένοις
329 969 400 1010 καὶ
432 969 595 1018 πάντας
629 968 893 1023 ἀνθρώπους
921 970 980 1018 εἰς
1007 967 1267 1022 ἐλευθερίαν
1293 967 1448 1022 ἀφελέ-

96 1044 203 1082 σθαι
229 1039 405 1093 ἕτοιμοι.
445 1040 609 1082 οὔκουν
635 1040 840 1093 βούλεται
866 1046 955 1088 τοῖς
983 1038 1140 1080 ἑαυτοῦ
1167 1046 1334 1093 καιροῖς
1367 1039 1447 1091 τὴν

95 1109 194 1166 παρ’
225 1111 350 1164 ὑμῶν
376 1109 636 1165 ἐλευθερίαν
663 1109 937 1165 ἐφεδρεύειν,
969 1111 1072 1152 οὐδὲ
1098 1113 1262 1152 πολλοῦ
1291 1111 1368 1165 δεῖ,
1395 1110 1447 1151 οὐ

43 1199 76 1225 15
95 1189 234 1231 κακῶς
270 1179 362 1223 οὐδ’
404 1181 546 1235 ἀργῶς
580 1187 716 1223 ταῦτα
752 1183 1036 1235 λογιζόμενος.
1078 1188 1252 1235 πρῶτον
1287 1181 1366 1233 μὲν
1393 1182 1446 1235 δὴ

96 1259 226 1294 τοῦτο
254 1253 332 1307 δεῖ,
359 1250 523 1307 ἐχθρὸν
542 1252 831 1306 ὑπειληφέναι
852 1259 925 1306 τῆς
946 1254 1163 1301 πολιτείας
1183 1252 1253 1293 καὶ
1274 1259 1347 1305 τῆς
1375 1253 1448 1305 δη-

96 1325 330 1376 μοκρατίας
357 1323 648 1365 ἀδιάλλακτον
669 1323 856 1365 ἐκεῖνον·
878 1325 913 1364 εἱ
934 1324 1017 1377 γὰρ
1038 1324 1094 1378 μὴ
1115 1329 1244 1364 τοῦτο
1265 1325 1446 1377 πεισθή-

98 1398 232 1436 σεσθε
257 1401 350 1444 ταῖς
375 1401 547 1449 ψυχαῖς,
573 1395 653 1436 οὐκ
680 1394 919 1448 ἐθελήσεθ’
946 1394 1054 1447 ὑπὲρ
1075 1401 1164 1435 τῶν
1183 1394 1448 1448 πραγμάτων

98 1465 382 1516 σπουδάζειν·
416 1465 623 1519 δεύτερον
656 1464 692 1506 δ’
732 1464 895 1507 εἰδέναι
929 1472 1077 1519 σαφῶς
1110 1466 1175 1506 ὅτι
1201 1462 1335 1506 πάνθ’
1369 1465 1449 1506 ὅσα

45 1555 78 1580 20
97 1537 443 1590 πραγματεύεται
464 1537 534 1578 καὶ
555 1537 911 1587 κατασκευάζεται
932 1542 1028 1590 νῦν,
1049 1534 1117 1577 ἐπὶ
1138 1537 1218 1590 τὴν
1241 1535 1449 1590 ἡμετέραν

97 1608 228 1648 πόλιν
263 1608 648 1661 παρασκευάζεται,
682 1608 753 1649 καὶ
787 1608 897 1649 ὅπου
930 1623 994 1656 τις
1027 1606 1196 1648 ἐκεῖνον
1228 1606 1450 1660 ἀμύνεται,

98 1674 277 1719 ἐνταῦθ’
314 1677 422 1730 ὑπὲρ
456 1678 579 1729 ὑμῶν
611 1677 830 1730 ἀμύνεται.
870 1677 921 1719 οὐ
953 1678 1035 1731 γὰρ
1069 1676 1181 1718 οὕτω
1214 1674 1252 1730 γ’
1285 1677 1448 1730 εὐήθης

99 1748 218 1792 ἐστὶν
246 1748 390 1797 οὐδεὶς
417 1749 462 1798 ὃς
495 1749 796 1802 ὑπολαμβάνει
828 1749 906 1790 τὸν
937 1750 1157 1789 Φίλιππον
1182 1755 1269 1789 τῶν
1296 1748 1375 1800 μὲν
1402 1746 1449 1788 ἐν

103 1818 250 1877 Θράκῃ
277 1826 421 1861 κακῶν
448 1820 519 1863 (οὐ
547 1821 628 1873 γὰρ
656 1820 761 1860 ἄλλο
788 1835 851 1868 τις
879 1818 933 1860 ἂν
959 1819 1072 1860 εἴποι
1099 1820 1353 1872 Δρογγίλον
1378 1818 1448 1859 καὶ

48 1908 80 1934 25
102 1892 315 1945 Καβύλην
347 1891 417 1932 καὶ
450 1890 709 1943 ΝΙάστειραν
747 1891 817 1931 καὶ
855 1890 881 1932 ἃ
913 1896 997 1931 νῦν
1030 1888 1189 1942 ἐξαιρεῖ
1220 1890 1290 1930 καὶ
1323 1905 1450 1930 κατα-

99 1961 380 2016 σκευάζεται),
410 1961 684 2013 τούτων“μὲν
712 1959 944 2012 ἐπιθυμεῖν
976 1961 1046 2001 καὶ
1072 1960 1181 2012 ὑπὲρ
1209 1966 1287 2001 τοῦ
1314 1965 1448 2000 ταῦτα

99 2035 251 2086 λαβεῖν
277 2032 347 2073 καὶ
374 2033 537 2081 πόνους
563 2032 635 2072 καὶ
661 2038 873 2086 χειμῶνας
899 2031 970 2072 καὶ
996 2033 1097 2080 τοὺς
1125 2030 1331 2085 ἐσχάτους
1357 2045 1449 2071 κιν-

99 2104 261 2152 δύνους
282 2102 530 2157 ὑπομένειν,
549 2109 637 2143 τῶν
653 2100 689 2143 δ’
709 2101 954 2155 Ἀθηναίων
967 2101 1154 2153 λιμένων
1169 2101 1238 2142 καὶ
1253 2102 1449 2154 νεωρίων

99 2174 170 2215 καὶ
201 2175 393 2227 τριήρων
424 2174 496 2214 καὶ
527 2180 615 2214 τῶν
642 2171 783 2226 ἔργων
809 2179 896 2214 τῶν
927 2171 1173 2226 ἀργυρείων
1199 2172 1270 2212 καὶ
1295 2171 1449 2212 τοσού-

47 2261 81 2286 30
100 2260 188 2286 των
220 2245 452 2299 προσόδων
485 2244 565 2286 οὐκ
597 2242 850 2298 ἐπιθυμεῖν,
886 2242 995 2284 ἀλλὰ
1026 2249 1161 2284 ταῦτα
1192 2242 1272 2294 μὲν
1305 2240 1449 2283 ἐάσειν

1473 342 1516 371 41

1475 696 1517 726 42

1473 1192 1518 1222 43

1477 1688 1519 1717 44
