1689 2531
148 209 190 240 17

150 709 192 739 18

148 1207 189 1238 19

223 100 277 141 74
741 103 1042 135 ΗΓΗΣΙΠΠΟΤ
1491 103 1569 150 [VH

218 197 445 238 θάλατταν
477 197 727 252 κινδύνους,
761 194 824 239 ὧν
857 197 989 239 οὐδὲν
1021 203 1220 255 προτιμᾷ.
1265 196 1385 240 ταῦτ’
1423 197 1562 241 οἴεσθ’

218 267 273 310 ἂν
307 265 339 309 ὦ
374 269 531 322 ἄνδρες
553 265 779 322 Ἀθηναῖοι
810 270 1032 310 Φίλιππον
1058 268 1238 319 ἀξιῶσαι
1264 269 1375 322 ὑμᾶς
1402 281 1569 325 συγχω-

218 346 348 394 ρῆσαι
374 338 504 396 αὐτῷ,
531 340 567 381 εἰ
593 340 650 394 μὴ
677 339 801 392 ὑμῶν
827 340 907 392 μὲν
933 341 1207 395 κατεφρόνει,
1238 340 1315 390 οὓς
1341 339 1378 382 δ’
1406 339 1570 383 ἐνθάδε

218 408 460 468 προῄρηται
476 411 632 465 φίλους
646 414 898 465 κεκτῆσθαι,
917 411 1087 461 τούτοις
1104 411 1394 463 διεπίστευεν;
1422 414 1464 454 οἳ
1489 412 1570 454 οὐκ

219 482 504 536 αἰσχύνονται
541 483 744 538 Φιλίππῳ
778 485 931 533 ζῶντες
963 483 1034 524 καὶ
1061 481 1113 524 οὐ
1134 489 1186 538 τῇ
1206 482 1352 525 αὑτῶν
1378 484 1567 538 πατρίδι,

217 553 290 594 καὶ
315 553 390 602 τὰς
416 550 519 607 παρ’
542 551 712 595 ἐκείνου
729 554 911 608 δωρειὰς
928 553 1223 607 λαμβάνοντες
1238 553 1406 596 οἴονται
1421 554 1569 596 οἴκαδε

220 624 473 678 λαμβάνειν,
499 625 551 665 τὰ
578 625 690 666 οἴκοι
716 628 976 674 πωλοῦντες.

280 695 394 749 Περὶ
427 696 474 737 δὲ
507 701 581 749 τῆς
615 694 960 751 ἐπανορθώσεως
992 703 1066 750 τῆς
1101 696 1299 751 εἰρήνης,
1330 697 1385 751 ἣν
1410 694 1571 738 ἔδοσαν

217 767 321 820 ἡμῖν
360 768 398 808 οἱ
439 765 641 821 πρέσβεις
677 767 718 809 oz
750 764 850 821 παρ’
877 765 1046 809 ἐκείνου
1079 767 1355 823 πεμφθέντες
1388 765 1571 823 ἐπανορ-

217 837 468 892 θώσασθαι,
494 838 560 879 ὅτι
588 836 1021 892 ἐπηνωρθωσάμεθα,
1048 838 1070 879 ὃ
1091 839 1207 893 παρὰ
1233 844 1368 880 πᾶσιν
1394 837 1569 894 ἀνθρώ-

217 924 314 958 ποις
342 908 616 963 ὁμολογεῖται
644 909 816 950 δίκαιον
843 904 968 963 εἶναι,
997 907 1226 964 ἑκατέρους
1253 907 1368 964 ἔχειν
1393 910 1446 951 τὰ
1472 907 1571 951 ἑαυ-

216 987 317 1034 τῶν,
343 979 608 1035 ἀμφισβητεῖ
633 980 689 1034 μὴ
715 979 953 1022 δεδωκέναι
972 980 1082 1034 μηδὲ
1101 982 1203 1030 τοὺς
1223 980 1426 1036 πρέσβεις
1445 979 1564 1022 ταῦτ’

218 1051 436 1105 εἰρηκέναι
480 1052 588 1106 πρὸς
626 1051 756 1104 ὑμᾶς,
802 1051 935 1093 οὐδὲν
973 1049 1065 1093 ἀλλ’
1098 1051 1122 1105 ἢ
1162 1050 1446 1104 πεπεισμένος
1483 1051 1569 1093 ὑπὸ

217 1124 399 1177 τούτων,
431 1117 494 1172 οἷς
521 1129 674 1178 χρῆται
701 1124 859 1177 φίλοις,
889 1123 944 1172 ὡς
972 1123 1093 1175 ὑμεῖς
1121 1122 1172 1164 οὐ
1199 1123 1493 1177 μνημονεύετε
1519 1123 1571 1164 τὰ

218 1192 265 1235 ἐν
291 1199 349 1251 τῷ
372 1195 492 1251 δήμῳ
514 1193 730 1249 εἰρημένα.
769 1195 908 1246 μόνον
936 1194 983 1236 δὲ
1008 1199 1138 1235 τοῦτο
1166 1193 1245 1248 οὐχ
1272 1187 1369 1235 οἷόν
1393 1209 1439 1236 τε
1464 1193 1570 1247 ὑμῖν

218 1264 338 1307 ἐστιν
376 1265 699 1320 ἀμνημονῆσαι’
738 1264 786 1307 ἐν
824 1266 906 1320 γὰρ
945 1272 997 1320 τῇ
1030 1264 1139 1320 αὐτῇ
1178 1263 1382 1322 ἐκκλησίᾳ
1420 1265 1492 1307 καὶ
1530 1266 1570 1307 οἱ

216 1336 421 1392 πρέσβεις
455 1338 494 1379 οἱ
535 1334 634 1391 παρ’
668 1335 837 1378 ἐκείνου
871 1337 1049 1391 ἥκοντες
1080 1336 1186 1388 ὑμῖν
1219 1335 1468 1391 διελέγοντο
1500 1337 1572 1378 καὶ

217 1409 265 1450 τὸ
298 1410 502 1463 ψήφισμα
529 1407 711 1463 ἐγράφη,
749 1405 848 1449 ὥστ’
882 1407 960 1462 οὐχ
988 1401 1085 1449 οἷόν
1110 1423 1168 1462 τε,
1199 1414 1459 1463 παραχρῆμα
1484 1414 1572 1449 τῶν

218 1481 363 1534 λόγων
407 1479 649 1534 εἰρημένων
692 1480 764 1520 καὶ
805 1479 942 1529 εὐθὺς
981 1485 1059 1521 τοῦ
1097 1480 1375 1533 ψηφίσματος
1414 1477 1572 1520 ἐπανα-

216 1551 588 1606 γιγνωσκομένου,
619 1552 700 1606 τὴν
732 1550 1120 1605 καταψευδομένην
1152 1550 1332 1605 γνώμην
1357 1557 1446 1591 τῶν
1471 1549 1573 1605 πρέ-

217 1625 373 1677 σβεων,
410 1623 575 1676 ταύτην
600 1622 710 1675 ὑμᾶς
746 1628 1060 1677 χειροτονῆσαι.
1104 1622 1215 1663 ὥστε
1246 1627 1375 1663 τοῦτο
1408 1621 1489 1674 μὲν
1520 1621 1572 1663 οὐ

216 1691 307 1735 κατ’
342 1692 460 1748 ἐμοῦ,
493 1693 602 1735 ἀλλὰ
634 1691 736 1734 καθ’
768 1693 892 1746 ὑμῶν
926 1691 1199 1747 ἐπέσταλκεν,
1231 1692 1287 1742 ὡς
1319 1691 1442 1745 ὑμεῖς
1474 1692 1574 1746 περὶ

218 1762 281 1807 ὧν
308 1765 389 1807 οὐκ
414 1765 642 1819 ἠκούσατε,
667 1765 766 1818 περὶ
792 1765 961 1806 τούτων
987 1763 1329 1819 ἀποκρινάμενοι
1355 1764 1436 1818 τὴν
1461 1763 1574 1818 γνώ-

218 1853 305 1891 μην
340 1836 630 1878 ἀπεστείλατε.
674 1836 746 1877 καὶ
773 1836 812 1878 οἱ
852 1836 932 1888 μὲν
963 1835 1166 1890 πρέσβεις
1198 1834 1342 1889 αὐτοί,
1379 1831 1442 1876 ὧν
1473 1850 1573 1876 κατ-

219 1908 428 1959 εψεύδετο
448 1908 497 1949 τὸ
517 1909 735 1962 ψήφισμα,
758 1904 817 1949 ὅτ’
844 1906 1135 1961 ἀπεκρίνεσθε
1162 1906 1309 1955 αὐτοῖς
1330 1905 1573 1960 ἀναγιγνώ-

220 1990 398 2029 σκοντες
431 1979 503 2020 καὶ
537 1977 606 2020 ἐπὶ
639 1977 758 2029 ξένια
792 1978 951 2028 αὐτοὺς
985 1976 1186 2031 ἐκαλεῖτε,
1219 1976 1299 2019 οὐκ
1331 1975 1573 2030 ἐτόλμησαν

218 2054 461 2105 παρελθεῖν
511 2048 605 2092 οὐδ’
657 2051 796 2092 εἰπεῖν
847 2050 912 2091 ὅτι
962 2049 1318 2103 ,,καταψεύδεσθε
1366 2048 1490 2102 ἡμῶν
1540 2044 1572 2088 ὦ

219 2122 376 2176 ἄνδρες
403 2119 626 2175 Ἀθηναῖοι
658 2121 731 2162 καὶ
764 2120 873 2175 φατὲ
911 2120 1020 2174 ἡμᾶς
1054 2118 1271 2174 εἰρηκέναι
1299 2119 1325 2160 ἃ
1351 2118 1432 2161 οὐκ
1459 2120 1573 2174 εἰρή-

219 2193 391 2247 καμενίί,
423 2192 532 2234 ἀλλὰ
560 2198 700 2248 σιωπῇ
727 2191 928 2240 ἀπιόντες
961 2188 1135 2248 ᾤχοντο.
1161 2190 1376 2244 βούλομαι
1404 2187 1441 2232 δ’
1461 2189 1572 2243 ὑμᾶς

221 2261 253 2305 ὦ
281 2264 438 2319 ἄνδρες
450 2261 675 2318 Ἀθηναῖοι
697 2262 788 2319 (καὶ
809 2263 890 2317 γὰρ
912 2262 1207 2316 ηὐδοκίμησεν
1228 2261 1249 2304 ὁ
1272 2262 1447 2303 Πύθων
1467 2258 1566 2316 παρ’

1587 501 1602 526 5

1593 701 1640 736 81

1590 857 1623 881 10

1592 1211 1623 1237 15

1593 1567 1626 1592 20

1593 1923 1626 1948 25

1592 2279 1625 2304 30
