1689 2531
122 100 212 144 vm]
459 100 575 132 ΠΕΡΙ
599 100 698 132 ΤΩΝ
722 100 788 132 EN
812 99 1126 132 ΧΕΡΡΟΝΗΣΩΙ
1414 98 1468 139 93

122 195 304 250 αἰσχρὸν
335 195 415 247 μὲν
439 195 494 249 νὴ
521 195 599 236 τὸν
625 196 714 236 Δία
739 194 811 236 καὶ
835 194 999 244 πάντας
1025 196 1160 244 θεοὺς
1185 194 1257 236 καὶ
1289 193 1470 245 ἀνάξιον

121 266 245 318 ὑμῶν
275 265 347 307 καὶ
378 272 466 306 τῶν
497 265 785 321 ὑπαρχόντων
816 272 868 321 τῇ
901 266 1025 307 πόλει
1056 266 1128 307 καὶ
1153 265 1470 320 πεπραγμένων

121 343 211 386 τοῖς
242 337 495 391 προγόνοις,
525 342 600 390 τῆς
633 337 745 386 ἰδίας
777 335 903 378 ἕνεκα
935 336 1154 393 ῥᾳθυμίας
1185 338 1287 386 τοὺς
1313 337 1471 386 ἄλλους

122 407 287 457 πάντας
303 405 516 461 ’Έλληνας
537 409 597 457 εἰς
618 408 824 449 δουλείαν
844 407 1074 462 προέσθαι,
1099 407 1170 449 καὶ
1190 405 1315 462 ἔγωγ’
1341 407 1471 457 αὐτὸς

86 496 101 521 5
122 478 201 531 μὲν
231 477 444 519 τεθνάναι
476 481 643 530 μᾶλλον
679 477 733 519 ἂν
766 477 790 532 ἢ
817 475 934 519 ταῦτ’
968 477 1186 532 εἰρηκέναι
1211 479 1472 532 βουλοίμην·

123 549 175 590 οὐ
195 549 282 603 μὴν
308 547 399 590 ἀλλ’
433 548 472 590 εἴ
495 564 559 598 τις
580 549 709 598 ἄλλος
730 548 844 603 λέγει
864 549 935 590 καὶ
954 548 1064 601 ὑμᾶς
1084 550 1242 603 πείθει,
1267 547 1389 603 ἔστω,
1414 550 1470 603 μὴ

122 619 364 674 ἀμύνεσθε,
399 619 568 661 ἅπαντα
602 621 807 674 πρόεσθε.
852 621 888 661 εἰ
921 620 970 661 δὲ
999 620 1154 674 ,μηδενὶ
1185 626 1315 661 τοῦτο
1342 620 1473 675 δοκεῖ,
1499 632 1543 662 50

121 691 384 732 τούναντίον
417 690 464 731 δὲ
495 691 708 744 πρόϊσμεν
735 691 938 745 ἅπαντες,
970 691 1036 732 ὅτι
1062 691 1148 747 ὅσῳ
1177 689 1231 732 ἒέν
1255 692 1472 732 πλειόνων

122 760 317 814 ἐάσωμεν
343 760 512 803 ἐκεῖνον
537 761 747 815 γενέσθαι
772 762 941 816 κύριον,
970 762 1164 818 τοσούτῳ
1190 760 1471 818 χαλεπωτέρῳ

72 851 105 876 10
124 833 195 874 καὶ
222 831 487 888 ἰσχυροτέρῳ
514 830 754 887 χρησόμεθ’
787 831 941 889 ἐχθρῷ,
965 839 1041 874 ποῖ
1059 831 1360 885 ἀναδυόμεθα,
1385 832 1410 886 ἢ
1433 833 1474 873 τί

122 903 353 956 μέλλομεν;
379 903 404 957 ἢ
438 900 531 944 πότ’
571 900 602 944 ὦ
636 903 792 957 ἄνδρες
817 902 1043 957 Ἀθηναῖοι
1068 904 1120 944 τὰ
1147 902 1303 944 δέοντα
1327 909 1544 945 ποιεῖνΙιο

123 972 409 1028 ἐθελήσομενς
435 974 565 1028 ,,ὅταν
590 975 644 1028 νὴ
666 971 738 1015 Δί’
764 973 1004 1028 ἀναγκαῖον
1023 968 1086 1032 ᾗῇ(
1120 973 1215 1015 ἀλλ’
1238 974 1293 1028 ἣν
1317 974 1398 1026 μὲν
1418 974 1472 1015 ἄν
1499 985 1540 1015 51

122 1061 186 1094 τις
213 1043 462 1098 ἐλευθέρων
488 1044 740 1099 ἀνθρώπων
767 1044 962 1099 ἀνάγκην
989 1045 1115 1099 εἴποι,
1147 1044 1198 1086 οὐ
1225 1046 1364 1097 μόνον
1388 1045 1470 1098 ἤδη

123 1115 345 1170 πάρεστιν,
370 1115 479 1157 ἀλλὰ
505 1116 576 1157 καὶ
597 1115 728 1157 πάλαι
749 1118 1069 1170 παρελήλυθεν,
1094 1117 1175 1170 τὴν
1196 1115 1243 1157 δὲ
1263 1123 1350 1157 τῶν
1371 1116 1472 1157 δού-

69 1205 102 1230 15
124 1190 212 1228 λων
243 1186 513 1241 ἀπεύχεσθαι
546 1186 707 1241 [δήπου
734 1187 790 1240 μὴ
821 1186 1049 1241 γενέσθαι]
1084 1188 1160 1228 δεῖ.
1199 1186 1398 1240 διαφέρει
1425 1187 1472 1228 δὲ

121 1258 180 1307 τίς
209 1257 275 1299 ὅτι
302 1256 421 1298 ἐστὶν
447 1256 666 1313 ἐλευθέρῳ
693 1257 774 1309 μὲν
800 1256 1021 1312 ἀνθρώπῳ
1048 1258 1226 1311 μεγίστη
1253 1257 1419 1311 ἀνάγκη
1445 1258 1471 1311 ἡ

120 1328 230 1382 ὑπὲρ
265 1335 353 1369 τῶν
388 1328 663 1382 γιγνομένων
698 1329 902 1382 αἰσχύνη,
937 1328 1008 1369 καὶ
1040 1330 1164 1380 μείζω
1201 1328 1358 1381 ταύτης
1393 1328 1473 1369 οὐκ

122 1395 206 1441 οἶδ’
235 1397 373 1453 ’ἥντιν’
406 1398 460 1440 ἂν
487 1399 699 1452 εἴποιμεν·
726 1400 869 1456 δούλῳ
897 1399 945 1440 δὲ
971 1399 1132 1453 πληγαὶ
1157 1399 1227 1440 καὶ
1249 1399 1270 1440 ὁ
1292 1405 1369 1440 τοῦ
1391 1399 1472 1440 σώ-

120 1486 252 1522 ματος
278 1471 488 1524 αἰκισμός,
514 1470 539 1511 ἃ
565 1472 669 1523 μήτε
695 1469 867 1523 γένοιτο
895 1471 994 1511 οὔτε
1021 1470 1164 1524 λέγειν
1190 1469 1324 1519 ἄξιον.

69 1558 102 1583 20
181 1541 336 1583 Πάντα
367 1542 522 1582 τοίνυν
553 1540 679 1581 τᾶλλ’
713 1541 846 1582 εἰπὼν
878 1540 932 1582 ἂν
969 1540 1105 1594 ἡδέως
1143 1541 1214 1581 καὶ
1247 1540 1388 1590 δείξας
1421 1540 1472 1581 ὃν
1522 1559 1530 1566 ·

1499 1552 1517 1581 vx

1524 1553 1541 1582 ts)

123 1612 288 1665 τρόπον
313 1611 424 1664 ὑμᾶς
457 1610 566 1653 ἔνιοι
593 1612 1018 1665 καταπολιτεύονται,
1045 1612 1097 1652 τὰ
1122 1611 1202 1663 μὲν
1223 1608 1314 1652 ἄλλ’
1342 1609 1471 1652 ἐάσω·

122 1681 214 1724 ἀλλ’
247 1681 425 1724 ἐπειδάν
450 1698 491 1724 τι
517 1690 605 1723 τῶν
631 1684 738 1736 πρὸς
770 1684 990 1724 Φίλιππον
1010 1681 1184 1739 ἐμπέσῃ,
1211 1682 1347 1731 εὐθὺς
1368 1681 1471 1723 ἀνα-

123 1753 223 1803 στάς
255 1769 318 1803 τις
352 1753 465 1807 λέγει
497 1754 569 1808 ,,τὸ
605 1755 685 1807 τὴν
718 1755 897 1807 εἰρήνην
929 1754 1051 1807 ἄγειν
1084 1754 1139 1802 ὡς
1172 1752 1369 1807 ἀγαθόνίί
1401 1753 1471 1793 καὶ

121 1825 193 1878 ,,τὸ
219 1824 398 1878 τρέφειν
426 1825 616 1876 δύναμιν
642 1824 835 1877 μεγάλην
861 1824 916 1873 ὡς
942 1824 1156 1878 χαλεπόν(ί
1174 1825 1245 1865 καὶ
1265 1823 1471 1878 ,,ὸιαρπά-

70 1912 102 1937 25
124 1897 211 1945 ζειν
236 1895 350 1944 τινὲς
375 1895 427 1935 τὰ
453 1897 647 1949 χρήματα
667 1894 940 1948 βούλονταιίζ,
964 1895 1035 1935 καὶ
1055 1894 1281 1943 τοιούτους
1303 1895 1472 1948 λόγους,

123 1963 164 2015 ἐξ
192 1962 254 2007 ὧν
274 1964 571 2018 ἀναβάλλουσι
591 1966 670 2017 μὲν
690 1964 812 2018 ὑμᾶς,
838 1964 1023 2019 ἡσυχίαν
1044 1965 1091 2006 δὲ
1102 1971 1306 2006 ποιοῦσιν
1321 1963 1470 2021 ἐκείνῳ

122 2035 328 2090 πράττειν
355 2036 376 2077 ὅ
403 2052 443 2077 τι
463 2037 678 2090 βούλεται.
712 2034 757 2076 ἐκ
778 2036 825 2076 δὲ
845 2036 1013 2077 τούτων
1033 2037 1341 2090 περιγίγνεται,
1365 2035 1471 2087 ὑμῖν
1497 2048 1541 2077 53

28 2110 102 2146 103
122 2106 264 2162 μὲνΙὴ
298 2107 429 2161 σχολὴ
462 2107 533 2147 καὶ
565 2107 612 2147 τὸ
645 2106 782 2159 μηδὲν
812 2106 895 2159 ἤδη
928 2113 1083 2160 ποιεῖν,
1109 2106 1133 2146 ἃ
1161 2105 1327 2159 δέδοιχ’
1356 2106 1470 2155 ὅπως

122 2179 178 2230 μή
205 2175 308 2218 ποθ’
339 2174 549 2231 ἡγήσεσθ’
582 2175 650 2218 ἐπὶ
676 2179 822 2233 πολλῷ
850 2181 1135 2230 γεγενῆσθαι,
1160 2176 1330 2225 τούτοις
1358 2175 1394 2217 δ’
1427 2178 1469 2218 αἱ

70 2265 104 2290 3ο
123 2248 292 2303 χάριτες
325 2248 395 2288 καὶ
427 2247 449 2289 ὁ
476 2248 635 2300 μισθὸς
663 2247 684 2288 ὀ
711 2247 891 2289 τούτων.
930 2246 1012 2301 ἐγὼ
1040 2245 1076 2288 δ’
1110 2247 1254 2299 οἴομαι
1280 2248 1360 2300 τὴν
1391 2247 1470 2299 μὲν
