1689 2531
0 182 4 273 h

139 80 187 125 Π]
621 76 944 110 ΟΑΤΝΘΙΑΚΟΣ
969 77 997 108 Β
1424 72 1478 113 23

140 176 304 223 πάντας
322 172 423 215 καθ’
445 172 506 215 ἔν’
524 173 670 214 αὐτῶν
685 172 732 214 ἐν
745 171 878 226 με’ρει,
897 172 948 212 τὰ
970 169 1008 211 δ’
1027 168 1194 224 ὑμέτερ’
1216 169 1362 210 αὐτῶν
1376 168 1481 210 ἀπο-

142 246 374 294 λωλεκότες
400 245 612 298 κάθησθε.
644 248 779 284 ταῦτα
798 241 1020 294 θαυμάζω,
1047 240 1142 281 κᾶτι
1167 240 1276 293 πρὸς
1297 239 1481 291 τούτοις,

143 317 181 357 εἰ
208 313 359 369 μηδεὶς
383 315 508 367 ὑμῶν
528 311 560 355 ὦ
581 314 738 368 ἄνδρες
757 312 979 366 Ἀθηναῖοι
1000 312 1182 352 δύναται
1204 312 1482 363 λογίσασθαι,

141 389 279 428 πόσον
319 389 543 439 πολεμεῖτε
583 386 747 438 χρόνον
785 385 1007 438 Φιλίππῳ,
1043 380 1113 422 καὶ
1155 383 1200 422 τί
1233 380 1483 422 ποιούντων

108 474 122 500 5
141 457 265 511 ὑμῶν
285 456 307 498 ὁ
327 457 485 510 χρόνος
505 456 770 508 διελήλυθεν
790 450 927 502 οὗτος.
961 453 1050 494 ’ίστε
1071 453 1153 505 γὰρ
1175 452 1317 505 δήπου
1337 449 1482 500 τοῦθ’,

143 528 209 569 ὅτι
228 528 476 582 μελλόντων
496 526 655 579 αὐτῶν,
676 524 850 579 ἑτέρους
869 524 990 573 τινὰς
1011 523 1273 572 ἐλπιζόντων
1292 520 1484 575 πράξειν,

144 596 413 650 αἰτιωμένων
427 596 656 650 ἀλλήλους,
675 597 932 650 κρινόντων,
951 595 1083 636 πάλιν
1097 592 1371 643 ἐλπιζόντων,
1392 603 1486 645 σχε-

145 670 226 711 δὸν
256 667 385 709 ταῦθ’
413 668 520 720 ἅπερ
553 665 655 707 νυνὶ
687 666 949 717 ποιούντων,
982 665 1092 712 ἅπας
1119 663 1140 704 ὁ
1168 664 1321 717 χρόνος
1346 664 1486 716 διελή-

145 743 295 780 λυθεν.
328 733 414 779 εἷθ’
439 737 577 786 οὕτως
603 736 868 790 ἀγνωμόνως
888 735 994 789 ἔχετ’
1018 731 1050 776 ὧ
1075 735 1232 788 ἄνδρες
1251 732 1486 787 Ἀθηναῖοι,

93 827 125 852 10
145 810 254 851 ὥστε
282 807 339 850 δι’
359 805 420 849 ὧν
446 807 492 849 ἐκ
518 815 718 862 χρηστῶν
741 809 889 860 φαῦλα
909 806 960 846 τὰ
979 806 1208 858 πράγματα
1228 810 1302 857 τῆς
1320 806 1487 853 πόλεως

145 880 338 933 γε’γονεν,
359 879 430 920 διὰ
450 879 619 919 τούτων
640 877 826 928 ἐλπίζετε
843 885 931 918 τῶν
945 876 1090 917 αὐτῶν
1103 874 1301 928 πράξεων
1316 874 1361 916 ἐκ
1376 875 1487 928 φαύ-

147 955 234 992 λων
255 949 363 991 αὐτὰ
381 949 542 1003 χρηστὰ
556 949 837 1001 γενήσεσθαι,
859 945 951 988 ἀλλ’
973 945 1062 987 οὔτ’
1085 947 1270 998 εὔλογον
1285 942 1372 986 οὔτ’
1387 943 1488 999 ἔχον

145 1019 236 1062 ἐστὶ
256 1021 394 1074 φύσιν
413 1021 542 1060 τοῦτό
564 1032 628 1072 γε·
649 1020 762 1060 πολὺ
783 1019 865 1071 γὰρ
888 1017 998 1072 ῥᾷον
1019 1019 1195 1070 ἔχοντας
1211 1016 1448 1069 φυλάττειν
1466 1015 1487 1067 ἢ

146 1093 389 1145 κτήσασθαι
414 1091 554 1132 πάντα
580 1089 789 1143 πέφυκεν.
826 1095 911 1130 νῦν
939 1087 977 1129 δ’
1004 1088 1025 1129 ὅ
1052 1103 1092 1128 τι
1118 1084 1198 1139 μὲν
1224 1085 1488 1141 φυλάξομεν,

94 1179 126 1204 15
148 1161 279 1203 οὐδέν
316 1160 436 1202 ἐστιν
473 1161 556 1202 ὑπὸ
594 1167 672 1202 τοῦ
712 1159 906 1213 πολέμου
945 1159 1100 1199 λοιπὸν
1137 1165 1225 1199 τῶν
1262 1159 1488 1211 πρότερον,

147 1234 392 1286 κτήσασθαι
433 1230 479 1273 δὲ
519 1233 596 1273 δεῖ.
641 1231 786 1272 αὐτῶν
818 1227 900 1272 οὖν
935 1230 1054 1284 ἡμῶν
1086 1226 1217 1282 ἔργον
1248 1225 1363 1269 τοῦτ’
1393 1229 1489 1281 ἤδη·

149 1301 259 1357 φημὶ
292 1303 345 1356 δὴ
379 1303 473 1343 δεῖν
506 1301 726 1356 εἰσφέρειν
760 1303 967 1355 χρήματα,
1003 1300 1163 1348 αὐτοὺς
1196 1298 1353 1349 ἐξιέναι
1385 1314 1489 1352 προ-
1517 1319 1524 1325 -

148 1374 321 1428 θύμως,
370 1372 519 1427 μηδέν’
569 1375 794 1414 αἰτιᾶσθαι
844 1370 949 1423 πρὶν
1000 1370 1053 1411 ἂν
1096 1378 1184 1411 τῶν
1227 1370 1492 1423 πραγμάτων

80 1448 129 1482 ‘26
149 1446 401 1497 κρατήσητε,
427 1450 664 1497 τηνικαῦτα
691 1442 730 1484 δ’
758 1441 837 1483 ἀπ’
863 1442 1009 1482 αὐτῶν
1034 1448 1123 1482 τῶν
1141 1438 1283 1493 ἔργων
1303 1440 1491 1496 κρίῇναν-

97 1532 130 1557 20
149 1531 224 1564 τας
248 1517 351 1563 τοὺς
376 1512 457 1566 μὲν
482 1514 630 1564 ἀξίους
656 1513 837 1555 ἐπαίνου
865 1520 1008 1566 τιμᾶν,
1034 1513 1136 1560 τοὺς
1163 1510 1202 1551 δ’
1229 1511 1492 1559 ἀδικοῦντας

149 1584 361 1637 κολάζειν,
398 1585 472 1633 τὰς
503 1585 746 1639 προφάσεις
778 1582 815 1624 δ’
850 1583 1031 1636 ἀφελεῖν
1062 1581 1132 1623 καὶ
1164 1582 1216 1622 τὰ
1247 1578 1349 1622 καθ’
1382 1581 1492 1633 ὑμᾶς

151 1656 426 1709 ἐλλείμματα·
459 1655 511 1696 οὐ
545 1656 626 1708 γὰρ
659 1653 750 1696 ἔστι
777 1661 940 1707 πικρῶς
968 1652 1160 1703 ἐξετάσαι
1186 1654 1229 1693 τί
1253 1651 1492 1704 πέπρακται

151 1734 242 1775 τοῖς
268 1727 429 1777 ἄλλοις,
455 1725 510 1767 ἂν
536 1726 592 1779 μὴ
618 1724 719 1778 παρ’
748 1726 870 1779 ὑμῶν
898 1724 1042 1765 αὐτῶν
1061 1731 1234 1776 πρῶτον
1255 1721 1421 1776 ὑπάρξῃ1
1442 1723 1492 1762 τὰ

153 1796 318 1838 δέοντα.
369 1798 488 1845 τίνος
524 1798 605 1849 γαρ
646 1794 756 1837 ἕνεκ’
788 1793 819 1836 ὦ
860 1796 1017 1847 ἄνδρες
1043 1793 1270 1847 Ἀθηναῖοι
1302 1795 1492 1846 νομίζετε

100 1884 132 1909 25
153 1873 311 1909 τοῦτον
341 1864 420 1919 μὲν
453 1867 635 1920 φεύγειν
667 1867 744 1907 τὸν
777 1867 968 1919 πόλεμον
1000 1865 1164 1913 πάντας
1191 1864 1322 1912 ὅσους
1347 1864 1402 1905 ἂν
1429 1863 1494 1904 ἐκ·

153 1937 344 1990 πέμψητε
376 1938 657 1991 στρατηγούς,
691 1938 832 1986 ἰδίους
865 1935 902 1977 δ’
943 1936 1161 1989 εὑρίσκειν
1192 1934 1423 1988 πολέμους,
1457 1935 1495 1974 εί

155 2009 224 2049 δεῖ
251 2023 291 2049 τι
323 2015 411 2049 τῶν
443 2009 585 2049 ὄντων
615 2008 686 2049 καὶ
718 2007 817 2060 περὶ
843 2015 931 2048 τῶν
958 2014 1212 2059 στρατηγῶν
1239 2007 1395 2053 ει’πεῖν;
1428 2004 1494 2045 ὅτι

155 2078 349 2120 ἐνταῦθα
379 2078 459 2132 μέν
491 2078 608 2119 ε’στιν
640 2078 691 2118 τὰ
724 2075 826 2118 ἇθλ’
856 2075 964 2131 ὑπὲρ
1004 2073 1066 2117 ὧν
1105 2075 1223 2118 ἐστιν
1255 2075 1276 2117 ὁ
1309 2077 1495 2126 πόλεμος

155 2147 339 2202 ὑμέτερα
365 2148 638 2203 (Ἀμφίπολίς
668 2147 701 2200 γ’
730 2148 785 2189 ἂν
812 2151 978 2202 ληφθῇ,
1009 2144 1251 2200 παραχρῆμ’
1278 2146 1400 2198 ὑμεῖς
1425 2162 1495 2187 κο-

102 2236 136 2260 ³0
156 2218 362 2273 μιεῖσθε),
389 2220 430 2260 οἱ
457 2217 503 2259 δὲ
529 2219 731 2260 κίνδυνοι
757 2225 845 2259 τῶν
872 2218 1173 2271 ἐφεστηκότων
1194 2217 1313 2269 ἴδιοι,
1337 2216 1497 2270 μισθὸς

1508 250 1550 280 25

1512 744 1556 774 26
