<?xml version="1.0" encoding="UTF-8"?>
<!DOCTYPE html PUBLIC "-//W3C//DTD XHTML 1.0 Transitional//EN"
    "http://www.w3.org/TR/xhtml1/DTD/xhtml1-transitional.dtd">
<html xmlns="http://www.w3.org/1999/xhtml" xml:lang="en" lang="en">
 <head>
  <title>
</title>
<meta http-equiv="Content-Type" content="text/html;charset=utf-8" />
  <meta name='ocr-system' content='tesseract 3.04.00' />
  <meta name='ocr-capabilities' content='ocr_page ocr_carea ocr_par ocr_line ocrx_word'/>
</head>
<body>
  <div class='ocr_page' id='page_1' title='image "./demosthenisorati0101demouoft_0164.png"; bbox 0 0 1689 2531; ppageno 0'>
   <div class='ocr_carea' id='block_1_1' title="bbox 215 47 1555 97">
    <p class='ocr_par' dir='ltr' id='par_1_1' title="bbox 215 47 1555 97">
     <span class='ocr_line' id='line_1_1' title="bbox 215 47 1555 97; baseline 0.008 -21"><span class='ocrx_word' id='word_1_1' title='bbox 215 47 294 89; x_wconf 72' lang='lat'><em>158</em></span> <span class='ocrx_word' id='word_1_2' title='bbox 676 49 1084 97; x_wconf 81' lang='grc' dir='ltr'>[ΔΗΜΟΣΘΕΝΟΤΣ]</span> <span class='ocrx_word' id='word_1_3' title='bbox 1463 54 1555 97; x_wconf 84' lang='lat' dir='ltr'>[XIII</span> 
     </span>
    </p>
   </div>
   <div class='ocr_carea' id='block_1_2' title="bbox 75 143 1689 2259">
    <p class='ocr_par' dir='ltr' id='par_1_2' title="bbox 86 143 1555 343">
     <span class='ocr_line' id='line_1_2' title="bbox 86 143 1554 200; baseline 0.004 -16"><span class='ocrx_word' id='word_1_4' title='bbox 86 155 135 179; x_wconf 92' lang='lat'><em>111</em></span> <span class='ocrx_word' id='word_1_5' title='bbox 152 155 184 180; x_wconf 77' lang='lat'><em>25</em></span> <span class='ocrx_word' id='word_1_6' title='bbox 212 147 291 185; x_wconf 90' lang='grc' dir='ltr'><em>λοῦ</em></span> <span class='ocrx_word' id='word_1_7' title='bbox 317 159 366 198; x_wconf 86' lang='grc' dir='ltr'><em>γε</em></span> <span class='ocrx_word' id='word_1_8' title='bbox 391 145 463 185; x_wconf 83' lang='grc' dir='ltr'><em>καὶ</em></span> <span class='ocrx_word' id='word_1_9' title='bbox 490 145 568 198; x_wconf 99' lang='grc' dir='ltr'><em>δεῖ,</em></span> <span class='ocrx_word' id='word_1_10' title='bbox 593 143 686 186; x_wconf 89' lang='grc' dir='ltr'><em>ἀλλ’</em></span> <span class='ocrx_word' id='word_1_11' title='bbox 719 145 740 186; x_wconf 86' lang='grc' dir='ltr'><em>ὅ</em></span> <span class='ocrx_word' id='word_1_12' title='bbox 766 161 807 187; x_wconf 89' lang='grc' dir='ltr'><em>τι</em></span> <span class='ocrx_word' id='word_1_13' title='bbox 832 144 1042 199; x_wconf 81' lang='grc' dir='ltr'><strong><em>βούλεσθ’</em></strong></span> <span class='ocrx_word' id='word_1_14' title='bbox 1074 145 1350 200; x_wconf 77' lang='grc' dir='ltr'><em>ἐξετάσωμεν.</em></span> <span class='ocrx_word' id='word_1_15' title='bbox 1385 149 1554 190; x_wconf 84' lang='grc' dir='ltr'><em>οἰκοδο-</em></span> 
     </span>
     <span class='ocr_line' id='line_1_3' title="bbox 211 214 1554 273; baseline 0.004 -18"><span class='ocrx_word' id='word_1_16' title='bbox 211 217 382 268; x_wconf 90' lang='grc' dir='ltr'><em>μήματα</em></span> <span class='ocrx_word' id='word_1_17' title='bbox 425 214 504 267; x_wconf 86' lang='grc' dir='ltr'><em>μέν</em></span> <span class='ocrx_word' id='word_1_18' title='bbox 548 231 596 270; x_wconf 89' lang='grc' dir='ltr'><em>γε</em></span> <span class='ocrx_word' id='word_1_19' title='bbox 639 216 711 257; x_wconf 80' lang='grc' dir='ltr'><em>καὶ</em></span> <span class='ocrx_word' id='word_1_20' title='bbox 754 217 919 269; x_wconf 89' lang='grc' dir='ltr'><em>κόσμον</em></span> <span class='ocrx_word' id='word_1_21' title='bbox 961 223 1035 271; x_wconf 83' lang='grc' dir='ltr'><em>τῆς</em></span> <span class='ocrx_word' id='word_1_22' title='bbox 1079 220 1261 273; x_wconf 87' lang='grc' dir='ltr'><em>πόλεως,</em></span> <span class='ocrx_word' id='word_1_23' title='bbox 1311 219 1440 273; x_wconf 83' lang='grc' dir='ltr'><em>ἱερῶν</em></span> <span class='ocrx_word' id='word_1_24' title='bbox 1483 235 1554 261; x_wconf 87' lang='grc' dir='ltr'><em>και</em></span> 
     </span>
     <span class='ocr_line' id='line_1_4' title="bbox 213 285 1555 343; baseline 0.004 -16"><span class='ocrx_word' id='word_1_25' title='bbox 213 285 400 338; x_wconf 75' lang='grc' dir='ltr'><em>λιμένων</em></span> <span class='ocrx_word' id='word_1_26' title='bbox 449 287 521 328; x_wconf 84' lang='grc' dir='ltr'><em>καὶ</em></span> <span class='ocrx_word' id='word_1_27' title='bbox 564 293 652 328; x_wconf 90' lang='grc' dir='ltr'><em>τῶν</em></span> <span class='ocrx_word' id='word_1_28' title='bbox 696 286 957 329; x_wconf 87' lang='grc' dir='ltr'><em>ἀκολούθων</em></span> <span class='ocrx_word' id='word_1_29' title='bbox 1000 289 1189 343; x_wconf 81' lang='grc' dir='ltr'><em>τούτοις,</em></span> <span class='ocrx_word' id='word_1_30' title='bbox 1238 295 1440 331; x_wconf 91' lang='grc' dir='ltr'><em>τοιοῦτον</em></span> <span class='ocrx_word' id='word_1_31' title='bbox 1483 290 1555 332; x_wconf 87' lang='grc' dir='ltr'><em>καὶ</em></span> 
     </span>
    </p>

    <p class='ocr_par' dir='ltr' id='par_1_3' title="bbox 82 356 1557 557">
     <span class='ocr_line' id='line_1_5' title="bbox 82 356 1555 416; baseline 0.003 -19"><span class='ocrx_word' id='word_1_32' title='bbox 82 356 190 416; x_wconf 54' lang='grc' dir='ltr'><em>ΧξᾶῑΠ</em></span> <span class='ocrx_word' id='word_1_33' title='bbox 212 363 425 398; x_wconf 89' lang='grc' dir='ltr'><em>τοσοῦτον</em></span> <span class='ocrx_word' id='word_1_34' title='bbox 451 357 682 399; x_wconf 79' lang='grc' dir='ltr'><em>κατέλιπον</em></span> <span class='ocrx_word' id='word_1_35' title='bbox 709 357 879 413; x_wconf 82' lang='grc' dir='ltr'><em>ἐκεῖνοι,</em></span> <span class='ocrx_word' id='word_1_36' title='bbox 904 359 1013 400; x_wconf 83' lang='grc' dir='ltr'><em>ὥστε</em></span> <span class='ocrx_word' id='word_1_37' title='bbox 1044 360 1198 414; x_wconf 79' lang='grc' dir='ltr'><em>μηδενὶ</em></span> <span class='ocrx_word' id='word_1_38' title='bbox 1224 367 1312 402; x_wconf 91' lang='grc' dir='ltr'><em>τῶν</em></span> <span class='ocrx_word' id='word_1_39' title='bbox 1338 359 1555 415; x_wconf 81' lang='grc' dir='ltr'><em>ἐπιγιγνο-</em></span> 
     </span>
     <span class='ocr_line' id='line_1_6' title="bbox 212 427 1590 486; baseline 0.003 -17"><span class='ocrx_word' id='word_1_40' title='bbox 212 427 356 480; x_wconf 80' lang='grc' dir='ltr'><em>μένων</em></span> <span class='ocrx_word' id='word_1_41' title='bbox 393 428 644 483; x_wconf 79' lang='grc' dir='ltr'><em>ὑπερβολὴν</em></span> <span class='ocrx_word' id='word_1_42' title='bbox 677 432 921 483; x_wconf 75' lang='grc' dir='ltr'><em>λελεῖφθαι,</em></span> <span class='ocrx_word' id='word_1_43' title='bbox 957 431 1206 485; x_wconf 86' lang='grc' dir='ltr'><em>προπύλαια</em></span> <span class='ocrx_word' id='word_1_44' title='bbox 1237 437 1385 486; x_wconf 89' lang='grc' dir='ltr'><em>ταῦτα,</em></span> <span class='ocrx_word' id='word_1_45' title='bbox 1421 432 1590 476; x_wconf 78' lang='grc' dir='ltr'><em>νεώσ-5</em></span> 
     </span>
     <span class='ocr_line' id='line_1_7' title="bbox 213 494 1557 557; baseline 0.004 -17"><span class='ocrx_word' id='word_1_46' title='bbox 213 514 338 553; x_wconf 87' lang='grc' dir='ltr'><em>οικοι,</em></span> <span class='ocrx_word' id='word_1_47' title='bbox 369 501 505 553; x_wconf 88' lang='grc' dir='ltr'><em>στοαί,</em></span> <span class='ocrx_word' id='word_1_48' title='bbox 535 500 681 554; x_wconf 76' lang='grc' dir='ltr'><em>τᾶλλα,</em></span> <span class='ocrx_word' id='word_1_49' title='bbox 713 494 776 550; x_wconf 77' lang='grc' dir='ltr'><em>οἷς</em></span> <span class='ocrx_word' id='word_1_50' title='bbox 809 499 966 542; x_wconf 81' lang='grc' dir='ltr'><em>ἐκεῖνοι</em></span> <span class='ocrx_word' id='word_1_51' title='bbox 999 504 1291 555; x_wconf 80' lang='grc' dir='ltr'><em>κοσμήσαντες</em></span> <span class='ocrx_word' id='word_1_52' title='bbox 1322 504 1402 557; x_wconf 86' lang='grc' dir='ltr'><em>τὴν</em></span> <span class='ocrx_word' id='word_1_53' title='bbox 1427 504 1557 545; x_wconf 89' lang='grc' dir='ltr'><em>πόλιν</em></span> 
     </span>
    </p>

    <p class='ocr_par' dir='ltr' id='par_1_4' title="bbox 90 569 1651 982">
     <span class='ocr_line' id='line_1_8' title="bbox 143 569 1557 626; baseline 0.004 -16"><span class='ocrx_word' id='word_1_54' title='bbox 143 580 185 610; x_wconf 79' lang='lat'><em>29</em></span> <span class='ocrx_word' id='word_1_55' title='bbox 213 570 316 623; x_wconf 79' lang='grc' dir='ltr'><em>ἡμῖν</em></span> <span class='ocrx_word' id='word_1_56' title='bbox 348 570 622 624; x_wconf 60' lang='grc' dir='ltr'><em>παρέδωκαν</em></span> <span class='ocrx_word' id='word_1_57' title='bbox 666 571 740 620; x_wconf 78' lang='grc' dir='ltr'><em>τὰς</em></span> <span class='ocrx_word' id='word_1_58' title='bbox 776 569 813 612; x_wconf 81' lang='grc' dir='ltr'><em>δ’</em></span> <span class='ocrx_word' id='word_1_59' title='bbox 852 572 964 621; x_wconf 84' lang='grc' dir='ltr'><em>ἰδίας</em></span> <span class='ocrx_word' id='word_1_60' title='bbox 997 574 1133 622; x_wconf 84' lang='grc' dir='ltr'><em>οἰκίας</em></span> <span class='ocrx_word' id='word_1_61' title='bbox 1168 580 1256 614; x_wconf 92' lang='grc' dir='ltr'><em>τῶν</em></span> <span class='ocrx_word' id='word_1_62' title='bbox 1291 571 1339 615; x_wconf 82' lang='grc' dir='ltr'><em>ἐν</em></span> <span class='ocrx_word' id='word_1_63' title='bbox 1374 573 1557 626; x_wconf 78' lang='grc' dir='ltr'><em>δυνάμει</em></span> 
     </span>
     <span class='ocr_line' id='line_1_9' title="bbox 213 640 1557 700; baseline 0.004 -19"><span class='ocrx_word' id='word_1_64' title='bbox 213 640 463 694; x_wconf 89' lang='grc' dir='ltr'><em>γενομένων</em></span> <span class='ocrx_word' id='word_1_65' title='bbox 495 640 607 683; x_wconf 81' lang='grc' dir='ltr'><em>οὕτω</em></span> <span class='ocrx_word' id='word_1_66' title='bbox 635 643 808 695; x_wconf 89' lang='grc' dir='ltr'><em>μετρίας</em></span> <span class='ocrx_word' id='word_1_67' title='bbox 840 643 910 684; x_wconf 86' lang='grc' dir='ltr'><em>καὶ</em></span> <span class='ocrx_word' id='word_1_68' title='bbox 936 648 994 700; x_wconf 77' lang='grc' dir='ltr'><em>τῷ</em></span> <span class='ocrx_word' id='word_1_69' title='bbox 1021 649 1094 696; x_wconf 80' lang='grc' dir='ltr'><em>τῆς</em></span> <span class='ocrx_word' id='word_1_70' title='bbox 1126 645 1345 694; x_wconf 82' lang='grc' dir='ltr'><em>πολιτείας</em></span> <span class='ocrx_word' id='word_1_71' title='bbox 1378 644 1557 697; x_wconf 87' lang='grc' dir='ltr'><em>ὀνόματι</em></span> 
     </span>
     <span class='ocr_line' id='line_1_10' title="bbox 90 711 1558 768; baseline 0.004 -17"><span class='ocrx_word' id='word_1_72' title='bbox 90 723 187 747; x_wconf 70' lang='lat' dir='ltr'>1112ss</span> <span class='ocrx_word' id='word_1_73' title='bbox 215 711 503 765; x_wconf 81' lang='grc' dir='ltr'><em>ἀκολούθους,</em></span> <span class='ocrx_word' id='word_1_74' title='bbox 528 712 637 753; x_wconf 84' lang='grc' dir='ltr'><em>ὥστε</em></span> <span class='ocrx_word' id='word_1_75' title='bbox 663 713 743 766; x_wconf 81' lang='grc' dir='ltr'><em>τὴν</em></span> <span class='ocrx_word' id='word_1_76' title='bbox 774 713 1113 766; x_wconf 80' lang='grc' dir='ltr'><em>Θεμιστοκλέους</em></span> <span class='ocrx_word' id='word_1_77' title='bbox 1145 715 1216 755; x_wconf 81' lang='grc' dir='ltr'><em>καὶ</em></span> <span class='ocrx_word' id='word_1_78' title='bbox 1248 715 1328 768; x_wconf 87' lang='grc' dir='ltr'><em>τὴν</em></span> <span class='ocrx_word' id='word_1_79' title='bbox 1354 716 1558 768; x_wconf 85' lang='grc' dir='ltr'><em>Κίμωνος</em></span> 
     </span>
     <span class='ocr_line' id='line_1_11' title="bbox 215 780 1689 842; baseline 0.003 -19"><span class='ocrx_word' id='word_1_80' title='bbox 215 798 286 824; x_wconf 89' lang='grc' dir='ltr'><em>και</em></span> <span class='ocrx_word' id='word_1_81' title='bbox 305 780 662 836; x_wconf 71' lang='grc' dir='ltr'><em>τὴνἈριστείδου</em></span> <span class='ocrx_word' id='word_1_82' title='bbox 688 799 760 824; x_wconf 89' lang='grc' dir='ltr'><em>και</em></span> <span class='ocrx_word' id='word_1_83' title='bbox 783 791 870 825; x_wconf 89' lang='grc' dir='ltr'><em>τῶν</em></span> <span class='ocrx_word' id='word_1_84' title='bbox 890 786 986 826; x_wconf 89' lang='grc' dir='ltr'><em>τότε</em></span> <span class='ocrx_word' id='word_1_85' title='bbox 1008 788 1216 839; x_wconf 77' lang='grc' dir='ltr'><em>λαμπρῶν</em></span> <span class='ocrx_word' id='word_1_86' title='bbox 1243 785 1410 842; x_wconf 52' lang='grc' dir='ltr'><em>οἰῙκίαν,</em></span> <span class='ocrx_word' id='word_1_87' title='bbox 1436 786 1476 827; x_wconf 83' lang='grc' dir='ltr'><em>εἴ</em></span> <span class='ocrx_word' id='word_1_88' title='bbox 1492 802 1556 836; x_wconf 92' lang='grc' dir='ltr'><em>τις</em></span> <span class='ocrx_word' id='word_1_89' title='bbox 1577 791 1689 828; x_wconf 80' lang='lat'><em>175</em></span> 
     </span>
     <span class='ocr_line' id='line_1_12' title="bbox 215 849 1611 913; baseline 0.005 -19"><span class='ocrx_word' id='word_1_90' title='bbox 215 851 281 907; x_wconf 77' lang='grc' dir='ltr'><em>ἄρ’</em></span> <span class='ocrx_word' id='word_1_91' title='bbox 306 853 430 906; x_wconf 86' lang='grc' dir='ltr'><em>ὑμῶν</em></span> <span class='ocrx_word' id='word_1_92' title='bbox 457 849 577 896; x_wconf 81' lang='grc' dir='ltr'><em>οἶδεν</em></span> <span class='ocrx_word' id='word_1_93' title='bbox 603 854 731 896; x_wconf 87' lang='grc' dir='ltr'><em>ὁποία</em></span> <span class='ocrx_word' id='word_1_94' title='bbox 757 854 850 897; x_wconf 86' lang='grc' dir='ltr'><em>ποτ’</em></span> <span class='ocrx_word' id='word_1_95' title='bbox 883 854 1014 910; x_wconf 80' lang='grc' dir='ltr'><em>ἐστίν,</em></span> <span class='ocrx_word' id='word_1_96' title='bbox 1045 856 1126 913; x_wconf 75' lang='grc' dir='ltr'><em>ὁρᾷ</em></span> <span class='ocrx_word' id='word_1_97' title='bbox 1156 863 1229 910; x_wconf 79' lang='grc' dir='ltr'><em>τῆς</em></span> <span class='ocrx_word' id='word_1_98' title='bbox 1261 863 1339 898; x_wconf 89' lang='grc' dir='ltr'><em>τοῦ</em></span> <span class='ocrx_word' id='word_1_99' title='bbox 1365 858 1560 911; x_wconf 74' lang='grc' dir='ltr'><em>γείτονος</em></span> <span class='ocrx_word' id='word_1_100' title='bbox 1580 878 1611 903; x_wconf 85' lang='lat'><em>11</em></span> 
     </span>
     <span class='ocr_line' id='line_1_13' title="bbox 145 923 1560 982; baseline 0.003 -16"><span class='ocrx_word' id='word_1_101' title='bbox 145 937 188 967; x_wconf 84' lang='lat'><em>30</em></span> <span class='ocrx_word' id='word_1_102' title='bbox 216 924 347 966; x_wconf 79' lang='grc' dir='ltr'><em>οὐδὲν</em></span> <span class='ocrx_word' id='word_1_103' title='bbox 387 924 651 978; x_wconf 88' lang='grc' dir='ltr'><em>σεμνοτέραν</em></span> <span class='ocrx_word' id='word_1_104' title='bbox 687 923 836 968; x_wconf 85' lang='grc' dir='ltr'><em>οὖσαν.</em></span> <span class='ocrx_word' id='word_1_105' title='bbox 881 933 965 968; x_wconf 90' lang='grc' dir='ltr'><em>νῦν</em></span> <span class='ocrx_word' id='word_1_106' title='bbox 1004 927 1039 968; x_wconf 91' lang='grc' dir='ltr'><em>δ’</em></span> <span class='ocrx_word' id='word_1_107' title='bbox 1080 925 1112 968; x_wconf 81' lang='grc' dir='ltr'><strong>ὦ</strong></span> <span class='ocrx_word' id='word_1_108' title='bbox 1151 928 1307 982; x_wconf 80' lang='grc' dir='ltr'><em>ἄνδρες</em></span> <span class='ocrx_word' id='word_1_109' title='bbox 1337 925 1560 982; x_wconf 86' lang='grc' dir='ltr'><em>Ἀθηναῖοι</em></span> 
     </span>
    </p>

    <p class='ocr_par' dir='ltr' id='par_1_5' title="bbox 94 985 1614 1480">
     <span class='ocr_line' id='line_1_14' title="bbox 94 985 1560 1056; baseline 0.003 -20"><span class='ocrx_word' id='word_1_110' title='bbox 94 985 142 1009; x_wconf 74' lang='lat' dir='ltr'>m</span> <span class='ocrx_word' id='word_1_111' title='bbox 157 986 189 1010; x_wconf 63' lang='lat'><em>³⁹</em></span> <span class='ocrx_word' id='word_1_112' title='bbox 217 997 402 1053; x_wconf 75' lang='grc' dir='ltr'><em>δημοσίᾳ</em></span> <span class='ocrx_word' id='word_1_113' title='bbox 427 996 507 1049; x_wconf 78' lang='grc' dir='ltr'><em>μὲν</em></span> <span class='ocrx_word' id='word_1_114' title='bbox 533 997 557 1050; x_wconf 82' lang='grc' dir='ltr'>ἡ</span> <span class='ocrx_word' id='word_1_115' title='bbox 584 998 708 1046; x_wconf 89' lang='grc' dir='ltr'><em>πόλις</em></span> <span class='ocrx_word' id='word_1_116' title='bbox 735 998 856 1051; x_wconf 78' lang='grc' dir='ltr'><em>ἡμῶν</em></span> <span class='ocrx_word' id='word_1_117' title='bbox 881 999 955 1048; x_wconf 83' lang='grc' dir='ltr'><em>τὰς</em></span> <span class='ocrx_word' id='word_1_118' title='bbox 979 998 1109 1048; x_wconf 81' lang='grc' dir='ltr'><em>ὁδοὺς</em></span> <span class='ocrx_word' id='word_1_119' title='bbox 1130 998 1275 1056; x_wconf 80' lang='grc' dir='ltr'><em>ἀγαπᾷ</em></span> <span class='ocrx_word' id='word_1_120' title='bbox 1299 999 1560 1041; x_wconf 74' lang='grc' dir='ltr'><em>κατασκευά-</em></span> 
     </span>
     <span class='ocr_line' id='line_1_15' title="bbox 215 1069 1560 1126; baseline 0.004 -19"><span class='ocrx_word' id='word_1_121' title='bbox 215 1069 347 1118; x_wconf 80' lang='grc' dir='ltr'><em>ζουσα</em></span> <span class='ocrx_word' id='word_1_122' title='bbox 373 1083 444 1108; x_wconf 86' lang='grc' dir='ltr'><em>και</em></span> <span class='ocrx_word' id='word_1_123' title='bbox 470 1070 630 1121; x_wconf 87' lang='grc' dir='ltr'><em>κρήνας</em></span> <span class='ocrx_word' id='word_1_124' title='bbox 650 1084 721 1109; x_wconf 90' lang='grc' dir='ltr'><em>και</em></span> <span class='ocrx_word' id='word_1_125' title='bbox 741 1069 980 1122; x_wconf 82' lang='grc' dir='ltr'><em>κονιάματα</em></span> <span class='ocrx_word' id='word_1_126' title='bbox 1005 1086 1076 1111; x_wconf 90' lang='grc' dir='ltr'><em>και</em></span> <span class='ocrx_word' id='word_1_127' title='bbox 1103 1072 1261 1124; x_wconf 85' lang='grc' dir='ltr'><em>λήρους</em></span> <span class='ocrx_word' id='word_1_128' title='bbox 1288 1069 1378 1126; x_wconf 82' lang='grc' dir='ltr'><em>(καὶ</em></span> <span class='ocrx_word' id='word_1_129' title='bbox 1399 1070 1450 1112; x_wconf 86' lang='grc' dir='ltr'><em>οὐ</em></span> <span class='ocrx_word' id='word_1_130' title='bbox 1471 1077 1560 1120; x_wconf 91' lang='grc' dir='ltr'><em>τοῖς</em></span> 
     </span>
     <span class='ocr_line' id='line_1_16' title="bbox 215 1136 1614 1196; baseline 0.004 -18"><span class='ocrx_word' id='word_1_131' title='bbox 215 1138 571 1192; x_wconf 82' lang='grc' dir='ltr'><em>εἰσηγησαμενοις</em></span> <span class='ocrx_word' id='word_1_132' title='bbox 598 1136 714 1180; x_wconf 86' lang='grc' dir='ltr'><em>ταῦτ</em></span> <span class='ocrx_word' id='word_1_133' title='bbox 749 1138 941 1195; x_wconf 81' lang='grc' dir='ltr'><em>ἐπιτιμῶ,</em></span> <span class='ocrx_word' id='word_1_134' title='bbox 971 1144 1136 1182; x_wconf 85' lang='grc' dir='ltr'><em>πολλοῦ</em></span> <span class='ocrx_word' id='word_1_135' title='bbox 1163 1156 1212 1195; x_wconf 91' lang='grc' dir='ltr'><em>γε</em></span> <span class='ocrx_word' id='word_1_136' title='bbox 1238 1157 1308 1182; x_wconf 92' lang='grc' dir='ltr'><em>και</em></span> <span class='ocrx_word' id='word_1_137' title='bbox 1335 1141 1431 1196; x_wconf 89' lang='grc' dir='ltr'><em>δέω,</em></span> <span class='ocrx_word' id='word_1_138' title='bbox 1462 1141 1555 1183; x_wconf 84' lang='grc' dir='ltr'><em>ἀλλ’</em></span> <span class='ocrx_word' id='word_1_139' title='bbox 1581 1161 1614 1187; x_wconf 83' lang='lat'><em>15</em></span> 
     </span>
     <span class='ocr_line' id='line_1_17' title="bbox 215 1207 1563 1268; baseline 0.003 -18"><span class='ocrx_word' id='word_1_140' title='bbox 215 1209 333 1264; x_wconf 81' lang='grc' dir='ltr'><em>ὑμῖν,</em></span> <span class='ocrx_word' id='word_1_141' title='bbox 365 1211 400 1250; x_wconf 84' lang='grc' dir='ltr'><em>εἰ</em></span> <span class='ocrx_word' id='word_1_142' title='bbox 434 1207 561 1251; x_wconf 86' lang='grc' dir='ltr'><em>ταῦθ’</em></span> <span class='ocrx_word' id='word_1_143' title='bbox 594 1211 721 1251; x_wconf 78' lang='grc' dir='ltr'><em>ἱκανὰ</em></span> <span class='ocrx_word' id='word_1_144' title='bbox 752 1209 856 1263; x_wconf 77' lang='grc' dir='ltr'><em>ὑμιν</em></span> <span class='ocrx_word' id='word_1_145' title='bbox 889 1211 1036 1261; x_wconf 84' lang='grc' dir='ltr'><em>αὐτοῖς</em></span> <span class='ocrx_word' id='word_1_146' title='bbox 1068 1209 1387 1266; x_wconf 84' lang='grc' dir='ltr'><em>ὑπολαμβάνετ’</em></span> <span class='ocrx_word' id='word_1_147' title='bbox 1418 1208 1563 1268; x_wconf 84' lang='grc' dir='ltr'><em>εἶναι),</em></span> 
     </span>
     <span class='ocr_line' id='line_1_18' title="bbox 217 1278 1563 1338; baseline 0.003 -17"><span class='ocrx_word' id='word_1_148' title='bbox 217 1281 306 1337; x_wconf 76' lang='grc' dir='ltr'><em>ἰδία</em></span> <span class='ocrx_word' id='word_1_149' title='bbox 340 1278 376 1321; x_wconf 85' lang='grc' dir='ltr'><em>δ’</em></span> <span class='ocrx_word' id='word_1_150' title='bbox 409 1281 449 1322; x_wconf 84' lang='grc' dir='ltr'><em>οἱ</em></span> <span class='ocrx_word' id='word_1_151' title='bbox 476 1287 564 1322; x_wconf 89' lang='grc' dir='ltr'><em>τῶν</em></span> <span class='ocrx_word' id='word_1_152' title='bbox 595 1288 757 1322; x_wconf 84' lang='grc' dir='ltr'><em>κοινῶν</em></span> <span class='ocrx_word' id='word_1_153' title='bbox 791 1281 861 1323; x_wconf 81' lang='grc' dir='ltr'><em>ἐπί</em></span> <span class='ocrx_word' id='word_1_154' title='bbox 891 1298 949 1338; x_wconf 78' lang='grc' dir='ltr'><em>τῳ</em></span> <span class='ocrx_word' id='word_1_155' title='bbox 984 1283 1264 1337; x_wconf 85' lang='grc' dir='ltr'><em>γεγενημένοι</em></span> <span class='ocrx_word' id='word_1_156' title='bbox 1298 1284 1337 1325; x_wconf 80' lang='grc' dir='ltr'><em>οἱ</em></span> <span class='ocrx_word' id='word_1_157' title='bbox 1370 1283 1450 1336; x_wconf 80' lang='grc' dir='ltr'><em>μὲν</em></span> <span class='ocrx_word' id='word_1_158' title='bbox 1474 1291 1563 1325; x_wconf 89' lang='grc' dir='ltr'><em>τῶν</em></span> 
     </span>
     <span class='ocr_line' id='line_1_19' title="bbox 217 1352 1562 1408; baseline 0.003 -16"><span class='ocrx_word' id='word_1_159' title='bbox 217 1352 439 1405; x_wconf 82' lang='grc' dir='ltr'><em>δημοσίων</em></span> <span class='ocrx_word' id='word_1_160' title='bbox 477 1352 834 1406; x_wconf 73' lang='grc' dir='ltr'><em>οἰκοδομημάτων</em></span> <span class='ocrx_word' id='word_1_161' title='bbox 873 1353 1132 1408; x_wconf 86' lang='grc' dir='ltr'><em>σεμνοτέρας</em></span> <span class='ocrx_word' id='word_1_162' title='bbox 1167 1355 1242 1404; x_wconf 81' lang='grc' dir='ltr'><em>τὰς</em></span> <span class='ocrx_word' id='word_1_163' title='bbox 1278 1355 1389 1404; x_wconf 87' lang='grc' dir='ltr'><em>ἰδίας</em></span> <span class='ocrx_word' id='word_1_164' title='bbox 1425 1356 1562 1404; x_wconf 86' lang='grc' dir='ltr'><em>οἰκίας</em></span> 
     </span>
     <span class='ocr_line' id='line_1_20' title="bbox 217 1423 1563 1480; baseline 0.003 -16"><span class='ocrx_word' id='word_1_165' title='bbox 217 1423 596 1477; x_wconf 77' lang='grc' dir='ltr'><em>κατεσκευάκασιν,</em></span> <span class='ocrx_word' id='word_1_166' title='bbox 622 1423 674 1464; x_wconf 84' lang='grc' dir='ltr'><em>οὐ</em></span> <span class='ocrx_word' id='word_1_167' title='bbox 697 1425 836 1476; x_wconf 89' lang='grc' dir='ltr'><em>μόνον</em></span> <span class='ocrx_word' id='word_1_168' title='bbox 855 1431 942 1465; x_wconf 91' lang='grc' dir='ltr'><em>τῶν</em></span> <span class='ocrx_word' id='word_1_169' title='bbox 962 1428 1136 1466; x_wconf 91' lang='grc' dir='ltr'><em>πολλῶν</em></span> <span class='ocrx_word' id='word_1_170' title='bbox 1156 1423 1563 1480; x_wconf 83' lang='grc' dir='ltr'><em>ὑπερηφανωτέρας,</em></span> 
     </span>
    </p>

    <p class='ocr_par' dir='ltr' id='par_1_6' title="bbox 116 1494 1616 1555">
     <span class='ocr_line' id='line_1_21' title="bbox 116 1494 1616 1555; baseline 0.003 -20"><span class='ocrx_word' id='word_1_171' title='bbox 116 1494 192 1555; x_wconf 60' lang='grc' dir='ltr'><em>ξξξ</em></span> <span class='ocrx_word' id='word_1_172' title='bbox 219 1495 258 1536; x_wconf 82' lang='grc' dir='ltr'><em>οἱ</em></span> <span class='ocrx_word' id='word_1_173' title='bbox 298 1494 345 1535; x_wconf 80' lang='grc' dir='ltr'><em>δὲ</em></span> <span class='ocrx_word' id='word_1_174' title='bbox 384 1500 467 1547; x_wconf 77' lang='grc' dir='ltr'><em>γῆν</em></span> <span class='ocrx_word' id='word_1_175' title='bbox 506 1494 830 1548; x_wconf 86' lang='grc' dir='ltr'><em>συνεωνημένοι</em></span> <span class='ocrx_word' id='word_1_176' title='bbox 868 1502 1140 1549; x_wconf 84' lang='grc' dir='ltr'><em>γεωργοῦσιν</em></span> <span class='ocrx_word' id='word_1_177' title='bbox 1178 1496 1286 1550; x_wconf 85' lang='grc' dir='ltr'><em>ὅσην</em></span> <span class='ocrx_word' id='word_1_178' title='bbox 1324 1494 1417 1537; x_wconf 89' lang='grc' dir='ltr'><em>οὐδ’</em></span> <span class='ocrx_word' id='word_1_179' title='bbox 1453 1498 1560 1551; x_wconf 84' lang='grc' dir='ltr'><em>ὄναρ</em></span> <span class='ocrx_word' id='word_1_180' title='bbox 1581 1515 1616 1540; x_wconf 82' lang='lat'><em>20</em></span> 
     </span>
    </p>

    <p class='ocr_par' dir='ltr' id='par_1_7' title="bbox 75 1564 1563 1833">
     <span class='ocr_line' id='line_1_22' title="bbox 149 1564 1562 1621; baseline 0.002 -14"><span class='ocrx_word' id='word_1_181' title='bbox 149 1578 187 1607; x_wconf 87' lang='grc'><em>31</em></span> <span class='ocrx_word' id='word_1_182' title='bbox 217 1566 407 1618; x_wconf 77' lang='grc' dir='ltr'><em>ἤλπισαν</em></span> <span class='ocrx_word' id='word_1_183' title='bbox 441 1565 624 1607; x_wconf 84' lang='grc' dir='ltr'><em>πώποτε.</em></span> <span class='ocrx_word' id='word_1_184' title='bbox 668 1566 838 1607; x_wconf 85' lang='grc' dir='ltr'><em>τούτων</em></span> <span class='ocrx_word' id='word_1_185' title='bbox 871 1564 907 1607; x_wconf 81' lang='grc' dir='ltr'><em>δ’</em></span> <span class='ocrx_word' id='word_1_186' title='bbox 940 1566 1082 1608; x_wconf 81' lang='grc' dir='ltr'><em>αἴτιον</em></span> <span class='ocrx_word' id='word_1_187' title='bbox 1114 1566 1330 1621; x_wconf 82' lang='grc' dir='ltr'><em>ἁπάντων,</em></span> <span class='ocrx_word' id='word_1_188' title='bbox 1369 1568 1435 1609; x_wconf 84' lang='grc' dir='ltr'><em>ὅτι</em></span> <span class='ocrx_word' id='word_1_189' title='bbox 1465 1569 1562 1610; x_wconf 90' lang='grc' dir='ltr'><em>τότε</em></span> 
     </span>
     <span class='ocr_line' id='line_1_23' title="bbox 75 1625 1562 1693; baseline 0.003 -17"><span class='ocrx_word' id='word_1_190' title='bbox 75 1625 147 1650; x_wconf 75' lang='lat' dir='ltr'><em>m3</em></span> <span class='ocrx_word' id='word_1_191' title='bbox 133 1626 214 1655; x_wconf 72' lang='lat' dir='ltr'><strong>3⁰⁵q‘</strong></span> <span class='ocrx_word' id='word_1_192' title='bbox 218 1636 298 1688; x_wconf 79' lang='grc' dir='ltr'><em>μὲν</em></span> <span class='ocrx_word' id='word_1_193' title='bbox 324 1636 346 1677; x_wconf 91' lang='grc' dir='ltr'>ὁ</span> <span class='ocrx_word' id='word_1_194' title='bbox 374 1637 508 1689; x_wconf 82' lang='grc' dir='ltr'><em>δῆμος</em></span> <span class='ocrx_word' id='word_1_195' title='bbox 535 1637 744 1690; x_wconf 87' lang='grc' dir='ltr'><em>δεσπότης</em></span> <span class='ocrx_word' id='word_1_196' title='bbox 770 1634 826 1690; x_wconf 80' lang='grc' dir='ltr'><em>ἧν</em></span> <span class='ocrx_word' id='word_1_197' title='bbox 850 1653 922 1678; x_wconf 89' lang='grc' dir='ltr'><em>και</em></span> <span class='ocrx_word' id='word_1_198' title='bbox 946 1637 1095 1691; x_wconf 84' lang='grc' dir='ltr'><em>κύριος</em></span> <span class='ocrx_word' id='word_1_199' title='bbox 1122 1636 1339 1693; x_wconf 83' lang='grc' dir='ltr'><em>ἁπάντων,</em></span> <span class='ocrx_word' id='word_1_200' title='bbox 1363 1638 1434 1680; x_wconf 85' lang='grc' dir='ltr'><em>καὶ</em></span> <span class='ocrx_word' id='word_1_201' title='bbox 1459 1638 1562 1693; x_wconf 90' lang='grc' dir='ltr'><em>ἀγα-</em></span> 
     </span>
     <span class='ocr_line' id='line_1_24' title="bbox 218 1704 1563 1765; baseline 0.002 -17"><span class='ocrx_word' id='word_1_202' title='bbox 218 1707 356 1760; x_wconf 86' lang='grc' dir='ltr'><em>πητὸν</em></span> <span class='ocrx_word' id='word_1_203' title='bbox 394 1711 449 1760; x_wconf 80' lang='grc' dir='ltr'><em>ὴν</em></span> <span class='ocrx_word' id='word_1_204' title='bbox 486 1704 585 1761; x_wconf 84' lang='grc' dir='ltr'><em>παρ’</em></span> <span class='ocrx_word' id='word_1_205' title='bbox 625 1706 794 1749; x_wconf 90' lang='grc' dir='ltr'><em>εκείνου</em></span> <span class='ocrx_word' id='word_1_206' title='bbox 832 1715 920 1749; x_wconf 89' lang='grc' dir='ltr'><em>τῶν</em></span> <span class='ocrx_word' id='word_1_207' title='bbox 955 1709 1099 1749; x_wconf 76' lang='grc' dir='ltr'><em>ἄλλων</em></span> <span class='ocrx_word' id='word_1_208' title='bbox 1137 1707 1300 1765; x_wconf 80' lang='grc' dir='ltr'><em>εκάστςο</em></span> <span class='ocrx_word' id='word_1_209' title='bbox 1332 1709 1403 1751; x_wconf 87' lang='grc' dir='ltr'><em>καὶ</em></span> <span class='ocrx_word' id='word_1_210' title='bbox 1440 1716 1563 1763; x_wconf 83' lang='grc' dir='ltr'><em>τιμῆς</em></span> 
     </span>
     <span class='ocr_line' id='line_1_25' title="bbox 218 1777 1563 1833; baseline 0.002 -15"><span class='ocrx_word' id='word_1_211' title='bbox 218 1778 290 1819; x_wconf 82' lang='grc' dir='ltr'><em>καὶ</em></span> <span class='ocrx_word' id='word_1_212' title='bbox 328 1777 459 1833; x_wconf 74' lang='grc' dir='ltr'><em>ἀρχῆς</em></span> <span class='ocrx_word' id='word_1_213' title='bbox 497 1779 568 1819; x_wconf 84' lang='grc' dir='ltr'><em>καὶ</em></span> <span class='ocrx_word' id='word_1_214' title='bbox 612 1778 787 1832; x_wconf 80' lang='grc' dir='ltr'><em>ἀγαθοῦ</em></span> <span class='ocrx_word' id='word_1_215' title='bbox 830 1779 949 1829; x_wconf 90' lang='grc' dir='ltr'><em>τινὸς</em></span> <span class='ocrx_word' id='word_1_216' title='bbox 985 1780 1350 1833; x_wconf 85' lang='grc' dir='ltr'><em>μεταλαμβάνειν·</em></span> <span class='ocrx_word' id='word_1_217' title='bbox 1392 1786 1478 1821; x_wconf 90' lang='grc' dir='ltr'><em>νῦν</em></span> <span class='ocrx_word' id='word_1_218' title='bbox 1516 1780 1563 1822; x_wconf 83' lang='grc' dir='ltr'><em>δὲ</em></span> 
     </span>
    </p>

    <p class='ocr_par' dir='ltr' id='par_1_8' title="bbox 219 1848 1615 1905">
     <span class='ocr_line' id='line_1_26' title="bbox 219 1848 1615 1905; baseline 0.003 -15"><span class='ocrx_word' id='word_1_219' title='bbox 219 1848 480 1890; x_wconf 87' lang='grc' dir='ltr'><em>τούναντίον</em></span> <span class='ocrx_word' id='word_1_220' title='bbox 506 1850 650 1903; x_wconf 84' lang='grc' dir='ltr'><em>κύριοι</em></span> <span class='ocrx_word' id='word_1_221' title='bbox 676 1850 756 1902; x_wconf 80' lang='grc' dir='ltr'><em>μὲν</em></span> <span class='ocrx_word' id='word_1_222' title='bbox 781 1857 869 1891; x_wconf 88' lang='grc' dir='ltr'><em>τῶν</em></span> <span class='ocrx_word' id='word_1_223' title='bbox 899 1849 1081 1904; x_wconf 88' lang='grc' dir='ltr'><em>ἀγαθῶν</em></span> <span class='ocrx_word' id='word_1_224' title='bbox 1107 1848 1242 1905; x_wconf 86' lang='grc' dir='ltr'><em>οὗτοι,</em></span> <span class='ocrx_word' id='word_1_225' title='bbox 1267 1851 1338 1892; x_wconf 84' lang='grc' dir='ltr'><em>καὶ</em></span> <span class='ocrx_word' id='word_1_226' title='bbox 1365 1851 1437 1892; x_wconf 84' lang='grc' dir='ltr'><em>διὰ</em></span> <span class='ocrx_word' id='word_1_227' title='bbox 1462 1851 1561 1893; x_wconf 88' lang='grc' dir='ltr'><em>τού-</em></span> <span class='ocrx_word' id='word_1_228' title='bbox 1581 1870 1615 1895; x_wconf 76' lang='lat'><em>25</em></span> 
     </span>
    </p>

    <p class='ocr_par' dir='ltr' id='par_1_9' title="bbox 219 1920 1564 1976">
     <span class='ocr_line' id='line_1_27' title="bbox 219 1920 1564 1976; baseline 0.002 -15"><span class='ocrx_word' id='word_1_229' title='bbox 219 1936 307 1962; x_wconf 91' lang='grc' dir='ltr'><em>των</em></span> <span class='ocrx_word' id='word_1_230' title='bbox 339 1921 507 1961; x_wconf 78' lang='grc' dir='ltr'><em>ἅπαντα</em></span> <span class='ocrx_word' id='word_1_231' title='bbox 541 1920 827 1976; x_wconf 80' lang='grc' dir='ltr'><em>[πράττεται],</em></span> <span class='ocrx_word' id='word_1_232' title='bbox 862 1921 884 1964; x_wconf 92' lang='grc' dir='ltr'>ὁ</span> <span class='ocrx_word' id='word_1_233' title='bbox 918 1921 965 1963; x_wconf 78' lang='grc' dir='ltr'><em>δὲ</em></span> <span class='ocrx_word' id='word_1_234' title='bbox 998 1922 1130 1975; x_wconf 81' lang='grc' dir='ltr'><em>δῆμος</em></span> <span class='ocrx_word' id='word_1_235' title='bbox 1163 1921 1211 1963; x_wconf 81' lang='grc' dir='ltr'><em>ἐν</em></span> <span class='ocrx_word' id='word_1_236' title='bbox 1241 1920 1459 1976; x_wconf 83' lang='grc' dir='ltr'><em>ὑπηρέτου</em></span> <span class='ocrx_word' id='word_1_237' title='bbox 1492 1938 1564 1964; x_wconf 86' lang='grc' dir='ltr'><em>και</em></span> 
     </span>
    </p>

    <p class='ocr_par' dir='ltr' id='par_1_10' title="bbox 219 1990 1564 2116">
     <span class='ocr_line' id='line_1_28' title="bbox 219 1990 1564 2046; baseline 0.001 -14"><span class='ocrx_word' id='word_1_238' title='bbox 219 1993 474 2045; x_wconf 87' lang='grc' dir='ltr'><em>προσθήκης</em></span> <span class='ocrx_word' id='word_1_239' title='bbox 499 1991 632 2046; x_wconf 84' lang='grc' dir='ltr'><em>μέρει,</em></span> <span class='ocrx_word' id='word_1_240' title='bbox 656 1992 728 2033; x_wconf 83' lang='grc' dir='ltr'><em>καὶ</em></span> <span class='ocrx_word' id='word_1_241' title='bbox 753 1991 874 2044; x_wconf 84' lang='grc' dir='ltr'><em>ὑμεῖς</em></span> <span class='ocrx_word' id='word_1_242' title='bbox 901 1990 1092 2046; x_wconf 80' lang='grc' dir='ltr'><em>ἀγαπᾶθ’</em></span> <span class='ocrx_word' id='word_1_243' title='bbox 1124 1992 1150 2034; x_wconf 78' lang='grc' dir='ltr'><em>ἃ</em></span> <span class='ocrx_word' id='word_1_244' title='bbox 1171 1992 1225 2034; x_wconf 77' lang='grc' dir='ltr'><em>ἂν</em></span> <span class='ocrx_word' id='word_1_245' title='bbox 1245 1990 1368 2034; x_wconf 85' lang='grc' dir='ltr'><em>οὗτοι</em></span> <span class='ocrx_word' id='word_1_246' title='bbox 1392 1994 1564 2045; x_wconf 91' lang='grc' dir='ltr'><em>μεταδι-</em></span> 
     </span>
     <span class='ocr_line' id='line_1_29' title="bbox 221 2063 661 2116; baseline -0.002 -12"><span class='ocrx_word' id='word_1_247' title='bbox 221 2064 328 2104; x_wconf 81' lang='grc' dir='ltr'><em>δῶσι</em></span> <span class='ocrx_word' id='word_1_248' title='bbox 356 2063 661 2116; x_wconf 88' lang='grc' dir='ltr'><em>λαμβάνοντες.</em></span> 
     </span>
    </p>

    <p class='ocr_par' dir='ltr' id='par_1_11' title="bbox 151 2132 1564 2189">
     <span class='ocr_line' id='line_1_30' title="bbox 151 2132 1564 2189; baseline 0 -13"><span class='ocrx_word' id='word_1_249' title='bbox 151 2145 193 2176; x_wconf 81' lang='lat'><em>32</em></span> <span class='ocrx_word' id='word_1_250' title='bbox 286 2137 531 2187; x_wconf 89' lang='grc' dir='ltr'><em>Τοιγαροῦν</em></span> <span class='ocrx_word' id='word_1_251' title='bbox 564 2132 610 2175; x_wconf 80' lang='grc' dir='ltr'><em>ἐκ</em></span> <span class='ocrx_word' id='word_1_252' title='bbox 641 2134 809 2176; x_wconf 86' lang='grc' dir='ltr'><em>τούτων</em></span> <span class='ocrx_word' id='word_1_253' title='bbox 837 2140 1016 2176; x_wconf 87' lang='grc' dir='ltr'><em>τοιαῦτα</em></span> <span class='ocrx_word' id='word_1_254' title='bbox 1041 2136 1092 2176; x_wconf 83' lang='grc' dir='ltr'><em>τὰ</em></span> <span class='ocrx_word' id='word_1_255' title='bbox 1123 2134 1352 2188; x_wconf 84' lang='grc' dir='ltr'><em>πράγματα</em></span> <span class='ocrx_word' id='word_1_256' title='bbox 1382 2141 1457 2189; x_wconf 79' lang='grc' dir='ltr'><em>τῆς</em></span> <span class='ocrx_word' id='word_1_257' title='bbox 1487 2136 1564 2176; x_wconf 88' lang='grc' dir='ltr'><em>πό-</em></span> 
     </span>
    </p>

    <p class='ocr_par' dir='ltr' id='par_1_12' title="bbox 222 2203 1617 2259">
     <span class='ocr_line' id='line_1_31' title="bbox 222 2203 1617 2259; baseline 0.002 -14"><span class='ocrx_word' id='word_1_258' title='bbox 222 2205 326 2254; x_wconf 83' lang='grc' dir='ltr'><em>λεώς</em></span> <span class='ocrx_word' id='word_1_259' title='bbox 353 2203 491 2259; x_wconf 77' lang='grc' dir='ltr'><em>ἐστιν,</em></span> <span class='ocrx_word' id='word_1_260' title='bbox 528 2205 649 2259; x_wconf 84' lang='grc' dir='ltr'><em>ὥστε,</em></span> <span class='ocrx_word' id='word_1_261' title='bbox 682 2206 721 2246; x_wconf 77' lang='grc' dir='ltr'><em>εἴ</em></span> <span class='ocrx_word' id='word_1_262' title='bbox 744 2221 807 2255; x_wconf 88' lang='grc' dir='ltr'><em>τις</em></span> <span class='ocrx_word' id='word_1_263' title='bbox 840 2205 1050 2259; x_wconf 88' lang='grc' dir='ltr'><em>ἀναγνοίη</em></span> <span class='ocrx_word' id='word_1_264' title='bbox 1083 2206 1134 2247; x_wconf 82' lang='grc' dir='ltr'><em>τὰ</em></span> <span class='ocrx_word' id='word_1_265' title='bbox 1161 2203 1410 2259; x_wconf 80' lang='grc' dir='ltr'><em>ψηφίσμαθ’</em></span> <span class='ocrx_word' id='word_1_266' title='bbox 1441 2203 1565 2258; x_wconf 82' lang='grc' dir='ltr'><em>ὑμῶν</em></span> <span class='ocrx_word' id='word_1_267' title='bbox 1582 2223 1617 2249; x_wconf 79' lang='lat'><em>30</em></span> 
     </span>
    </p>
   </div>
   <div class='ocr_carea' id='block_1_3' title="bbox 1123 2281 1689 2531">
    <p class='ocr_par' dir='ltr' id='par_1_13' title="bbox 1123 2281 1689 2531">
     <span class='ocr_line' id='line_1_32' title="bbox 1123 2281 1689 2531; baseline 0 0"><span class='ocrx_word' id='word_1_268' title='bbox 1123 2281 1689 2531; x_wconf 95' lang='lat' dir='ltr'><em> </em></span> 
     </span>
    </p>
   </div>
  </div>
 </body>
</html>
