1689 2531
151 90 228 136 vn]
597 92 712 124 ΠΕΡΙ
736 92 1045 124 ΑΑοΝΝΗΣοΤ
1439 92 1492 133 75

150 185 258 239 ὑμῖν
290 184 338 227 ἐν
368 192 420 241 τῇ
447 186 702 244 δημηγορίᾳ,
728 186 750 228 ὁ
777 187 873 229 τότε
898 185 1173 243 πρεσβεύων)
1207 187 1366 237 αὐτοὺς
1391 190 1493 238 τοὺς

152 257 308 311 λόγους
335 255 411 306 οὓς
437 254 585 311 ἔλεγεν
612 258 859 311 ὑπομνῆσαι
886 253 1004 314 (οἶδα
1029 258 1112 312 γὰρ
1139 258 1205 300 ὅτι
1230 257 1492 315 μέμνησθε)·

151 328 444 381 παραπλήσιοι
477 325 514 368 δ’
545 325 658 381 ἦσαν
690 321 753 377 οἷς
785 328 856 369 καὶ
887 335 974 370 νῦν
999 327 1230 371 ἐπέσταλκε
1261 330 1493 379 Φίλιππος·

151 396 346 452 ἐγκαλῶν
377 398 460 452 γὰρ
492 398 596 452 ἡμῖν
627 405 717 448 τοῖς
751 399 1037 452 διαβάλλουσι
1067 400 1146 441 τὸν
1177 401 1398 442 Φίλιππον
1422 401 1494 441 καὶ

114 469 255 521 εὑμῖν
293 467 518 524 ἐμέμφετο,
556 469 621 511 ὅτι
660 469 908 523 ὡρμηκότος
945 470 1081 512 αὐτοῦ
1120 467 1169 512 εὗ
1207 478 1350 512 ποιεῖν
1384 470 1493 524 ὑμᾶς

152 540 223 581 καὶ
240 538 243 596 1
260 539 565 597 προῃρημένου
592 540 777 593 μάλιστα
802 548 890 582 τῶν
910 539 1132 595 Ἑλλήνων
1165 543 1322 596 φίλους
1347 548 1493 596 κεκτῆ-

151 613 258 652 σθαι
293 610 418 652 αὐτοὶ
452 611 651 665 κωλύετε,
686 610 999 666 ἀποδεχόμενοι
1034 619 1122 653 τῶν
1163 613 1494 667 συκοφαντούν-

148 697 236 722 των
265 682 337 723 καὶ
363 683 557 737 χρήματα
584 680 753 724 ἐκεῖνον
779 683 1023 724 αἰτούντων
1048 683 1120 724 καὶ
1147 684 1493 737 διαβαλλόντων·

147 753 250 802 τοὺς
274 753 357 807 γὰρ
384 753 611 802 τοιούτους
633 754 802 807 λόγους,
829 753 934 794 ὅταν
955 753 1320 808 ἀπαγγελλόντων
1345 753 1495 812 ἀκούῃ,

96 841 128 866 ιο
150 823 215 864 ὅτι
258 830 397 872 κακῶς
434 823 612 877 ἤκουεν,
656 823 778 875 ὑμεῖς
817 821 854 864 δ’
887 823 1172 879 ἀπεδέχεσθε,
1208 825 1495 878 μεταβάλλειν

149 893 285 935 αὐτοῦ
317 894 397 948 τὴν
428 894 620 948 γνώμην,
653 894 758 935 ὅταν
790 894 968 944 ἄπιστος
1002 896 1209 949 φαίνηται
1235 895 1406 945 τούτοις
1433 892 1495 937 ὧν

148 961 387 1022 προῄρηται
415 963 641 1018 εὐεργέτης
668 960 791 1006 εἶναι.
830 963 1028 1006 ἐκέλευεν
1054 962 1136 1007 οὖν
1161 967 1263 1015 τοὺς
1290 965 1495 1020 λέγοντας

149 1033 197 1076 ἐν
216 1040 275 1092 τῷ
291 1036 410 1091 δήμω
431 1041 482 1090 τῇ
496 1035 576 1087 μὲν
597 1037 747 1092 εἰρήνῃ
767 1036 823 1089 μὴ
840 1034 1058 1088 ἐπιτιμᾶν·
1079 1036 1130 1077 οὐ
1146 1037 1227 1091 γὰρ
1243 1035 1366 1086 ἄξιον
1381 1032 1493 1079 εἶναι

149 1107 328 1160 εἰρήνην
372 1106 512 1148 λύειν·
556 1107 592 1148 εἰ
638 1105 688 1147 δέ
728 1122 769 1147 τι
809 1107 865 1161 μὴ
904 1110 1043 1156 καλῶς
1082 1106 1319 1162 γέγραπται
1358 1106 1406 1149 ἐν
1443 1115 1494 1164 τῇ

96 1195 127 1221 15
149 1178 318 1234 εἰρήνῃ,
360 1174 475 1218 τοῦτ’
515 1174 929 1231 ἐπανορθώσασθαι,
967 1177 1023 1226 ὡς
1063 1177 1231 1219 ἅπαντα
1275 1179 1495 1220 Φίλιππον

147 1250 387 1302 ποιήσοντα
420 1245 482 1289 ὄσ’
516 1246 569 1288 ἂν
600 1247 722 1300 ὑμεῖς
753 1249 1022 1301 ψηφίσησθε.
1062 1247 1117 1289 ἂν
1149 1248 1197 1290 δὲ
1226 1248 1494 1303 διαβάλλωσι

147 1318 240 1373 με’ν,
265 1318 390 1361 αὐτοὶ
416 1319 463 1360 δὲ
490 1318 627 1372 μηδὲν
652 1318 855 1372 γράφωσι
884 1317 938 1360 δι’
965 1315 1018 1360 οὗ
1043 1319 1070 1373 ἡ
1090 1319 1171 1372 μὲν
1191 1321 1341 1374 εἰρήνη
1363 1318 1494 1375 ἔσται,

147 1389 358 1431 παύσεται
385 1387 422 1430 δ’
443 1389 760 1441 ἀπιστούμενος
788 1389 809 1430 ὁ
836 1391 1063 1444 Φίλιππος,
1087 1390 1144 1444 μὴ
1165 1389 1396 1445 προσέχειν
1415 1392 1494 1433 τὸν

147 1466 258 1502 νοῦν
278 1467 368 1509 τοῖς
387 1460 603 1509 τοιούτοις
624 1459 888 1514 ἀνθρώποις.
922 1460 992 1501 καὶ
1011 1461 1194 1510 τούτους
1214 1463 1315 1510 τοὺς
1337 1462 1493 1515 λόγους

94 1549 128 1575 20
148 1530 269 1583 ὑμεῖς
299 1530 531 1580 ἀκούοντες
558 1530 836 1585 ἀπεδέχεσθε,
868 1532 938 1572 καὶ
965 1532 1111 1572 δίκαια
1137 1529 1269 1585 ἔφατε
1295 1533 1372 1573 τὸν
1400 1533 1494 1574 Πύ-

147 1605 274 1643 θωνα
313 1602 473 1655 λέγειν·
511 1602 583 1643 καὶ
622 1599 677 1655 ἧν
716 1603 872 1643 δίκαια.
917 1600 1066 1655 ἔλεγεν
1099 1602 1146 1644 δὲ
1178 1603 1361 1652 τούτους
1392 1605 1494 1653 τοὺς

150 1673 319 1727 λόγους,
333 1672 412 1727 οὐχ
435 1673 548 1721 ὅπως
571 1674 726 1726 λυθείη
749 1671 794 1713 ἐκ
814 1679 888 1726 τῆς
909 1674 1081 1726 εἰρήνης
1098 1672 1122 1714 ἃ
1143 1670 1198 1725 ἦν
1219 1672 1369 1730 ἐκείνῳ
1388 1685 1495 1727 συμ-

150 1742 341 1797 φέροντα
360 1743 432 1784 καὶ
453 1740 515 1784 ὧν
535 1744 674 1784 πολλὰ
694 1745 888 1797 χρήματα
908 1742 1120 1796 ἀνηλώκει
1141 1744 1250 1785 ὥστε
1271 1743 1494 1799 γενέσθαι,

148 1811 241 1855 ἀλλ’
266 1814 351 1855 ὑπὸ
383 1821 472 1855 τῶν
505 1812 667 1855 ἐνθάδε
700 1814 976 1855 διδασκάλων
1007 1815 1418 1869 προδεδιδαγμένος,
1452 1818 1495 1858 οἳ

96 1903 127 1928 25
148 1884 229 1927 οὐκ
254 1882 389 1942 ᾤοντο
417 1880 529 1926 εἶναι
555 1885 633 1926 τὸν
658 1884 884 1938 γράψοντα
911 1883 1086 1926 ἐναντία
1112 1890 1171 1942 τῷ
1198 1886 1493 1939 Φιλοκράτους

146 1956 411 2010 ψηφίσματι,
447 1960 506 2012 τῷ
533 1955 771 1997 ἀπολλύντι
788 1953 1057 2009 Ἀμφίπολιν.
1097 1954 1179 2010 ἐγὼ
1207 1954 1244 1997 δ’
1277 1953 1309 1996 ὦ
1336 1956 1492 2009 ἄνδρες

152 2023 374 2080 Ἀθηναῖοι
413 2027 669 2080 παράνομον
706 2026 785 2078 μὲν
818 2026 949 2067 οὐδὲν
982 2025 1195 2080 ἐτόλμησα
1226 2027 1404 2081 γράψαι,
1440 2032 1499 2084 τῷ

147 2097 195 2139 δὲ
226 2097 521 2151 Φιλοκράτους
547 2098 792 2151 ψηφίσματι
819 2096 898 2138 οὐκ
923 2094 978 2150 ἦν
1004 2098 1260 2152 παράνομον
1285 2097 1493 2139 τάναντία

146 2167 348 2222 γράφειν,
387 2169 442 2217 ὡς
479 2166 560 2222 ἐγὼ
594 2166 809 2218 ἐπιδείξω·
847 2168 895 2210 τὸ
928 2169 1010 2222 γὰρ
1042 2170 1246 2221 ψήφισμα
1277 2169 1326 2210 τὸ
1364 2171 1493 2210 Φιλο-

93 2255 128 2281 80
147 2238 351 2293 κράτους,
387 2236 486 2280 καθ’
520 2239 541 2279 ὂ
580 2238 702 2291 ὑμεῖς
735 2238 959 2280 ἀπώλλυτε
985 2237 1253 2293 Ἀμφίπολιν,
1291 2237 1493 2281 ἐναντίον

1520 341 1561 371 21

1522 978 1565 1008 22

1520 1472 1564 1502 23

1520 1967 1563 1997 24
