1689 2531
188 111 246 152 96
675 110 1051 144 ΔΗΜΟΣΘΕΝΟΤΣ
1451 112 1543 156 [vm

187 205 282 249 ἀλλ’
321 205 369 248 ἐν
407 206 523 263 αὐτῷ
544 211 603 263 τῷ
628 207 709 261 τὴν
736 208 915 260 εἰρήνην
940 208 1231 262 ποιήσασθαι,
1261 204 1358 249 πόσ’
1391 205 1544 262 ἐξήπά-
1675 227 1679 257 ς

119 290 164 320 64
191 282 349 333 τησθε,
386 279 536 319 πόσων
574 277 885 331 ἀπεστέρησθε.
930 277 1027 332 οὐχί
1071 277 1264 332 Φωκέας,
1299 278 1352 320 οὐ
1379 280 1545 334 Πύλας,

119 788 165 818 65

123 1285 168 1316 66

120 1925 173 1956 -67

192 349 290 404 οὐχὶ
322 348 424 390 τάπὶ
463 346 652 405 Θρᾴκης,
684 349 927 402 Δορίσκον,
959 347 1164 403 Σέρριον,
1194 350 1272 390 τὸν
1298 350 1545 404 Κερσοβλέ-

189 436 304 475 πτην
330 420 484 469 αὐτόνς
513 419 564 461 οὐ
591 425 677 461 νῦν
702 420 783 474 τὴν
808 420 936 460 πόλιν
961 420 1042 474 τὴν
1068 421 1336 473 Καρδιανῶν
1361 418 1448 475 ἔχει
1474 422 1545 462 καὶ

188 492 413 545 ὁμολογεῖς
445 492 489 532 τί
518 489 611 532 ποτ’
651 487 732 532 οὖν
766 488 939 539 ἐκείνως
971 498 1061 539 τοῖς
1093 491 1241 540 ἄλλοις
1279 491 1350 532 καὶ
1382 491 1435 533 οὐ
1467 493 1546 534 τὸν
1566 509 1582 535 5

188 562 328 604 αὐτὸν
359 563 525 616 τρόπον
564 561 669 613 ὑμῖν
694 561 1008 615 προσφέρεταις
1044 562 1110 603 ὅτι
1143 560 1191 603 ἐν
1216 563 1328 619 μόνῃ
1353 569 1442 604 τῶν
1467 578 1548 605 πα-
1606 560 1608 562 ’

189 641 284 675 σῶν
309 634 481 674 πόλεων
507 639 558 687 τῇ
586 632 770 689 ἡμετέρᾳ
796 633 911 674 ἄδει’
945 632 1054 686 ὑπὲρ
1087 640 1175 674 τῶν
1203 631 1377 688 ἐχθρῶν
1404 633 1548 688 λέγειν

191 704 380 758 δέδοται,
404 704 476 745 καὶ
503 705 694 757 λαβόντα
720 702 898 758 χρήματ’
926 703 1062 745 αὐτὸν
1081 703 1273 757 ἀσφαλές
1294 703 1384 746 ἐστι
1405 704 1548 759 λέγειν

193 775 293 829 παρ’
314 776 432 829 ὑμῖν,
458 774 539 816 κᾶν
560 774 833 831 ἀφῃρημένοι
853 775 905 816 τὰ
925 774 1095 829 ὑμέτερ’
1116 775 1261 816 αὐτῶν
1275 773 1360 829 ἦτε.
1393 775 1474 817 οὐκ
1492 772 1548 829 ’ἧν

193 846 385 900 ἀσφαλὲς
407 846 550 900 λέγειν
571 845 618 887 ἐν
630 846 826 902 Ὀλύνθῳ
842 847 894 887 τὰ
911 848 1133 887 Φιλίππου
1149 847 1204 900 μὴ
1221 848 1305 888 σὺν
1319 843 1368 888 εὖ
1388 862 1548 888 πεπον-
1569 864 1601 889 10

193 919 342 959 θότων
373 924 461 958 τῶν
493 921 669 959 πολλῶν
695 916 946 959 Ὀλυνθίων
977 923 1035 973 τῷ
1064 918 1333 959 Ποτείδαιαν
1363 924 1550 972 καρποῦ-

195 993 319 1030 σθαι·
347 988 428 1030 οὐκ
452 985 508 1042 ἦν
535 987 726 1042 ἀσφαλὲς
755 987 897 1041 λέγειν
931 987 978 1029 ἐν
1009 989 1220 1045 Θετταλία
1244 989 1297 1029 τὰ
1326 990 1548 1030 Φιλίππου

193 1060 331 1114 μηδὲν
368 1056 417 1101 εὖ
459 1060 733 1108 πεπονθότος
768 1065 846 1100 τοῦ
881 1061 1082 1112 πλήθους
1117 1065 1195 1100 τοῦ
1236 1063 1465 1101 Θετταλῶν
1495 1064 1555 1117 τῷ

194 1133 295 1180 τοὺς
327 1130 573 1185 τυράννους
607 1129 807 1184 ἐκβαλεῖν
840 1132 1060 1172 Φίλιππον
1093 1130 1241 1180 αὐτοῖς
1266 1131 1338 1172 καὶ
1363 1131 1444 1185 τὴν
1469 1145 1550 1172 πυ-

196 1204 324 1243 λαίαν
350 1201 612 1243 εὲποδοῦναι·
645 1201 725 1243 οὐκ
756 1199 812 1255 ἦν
839 1200 887 1242 ἐν
918 1203 1080 1255 Θήβαις
1108 1201 1312 1256 ἀσφαλές,
1337 1202 1444 1256 πρὶν
1468 1202 1549 1256 τὴν
1571 1219 1602 1244 15

196 1275 413 1315 Βοιωτίαν
434 1272 657 1314 ἀπέδωκεν
677 1272 749 1313 καὶ
768 1273 870 1322 τοὺς
895 1272 1068 1321 Φωκέας
1090 1271 1286 1328 ἀνεῖξλεν.
1313 1269 1407 1313 ἀλλ’
1426 1271 1551 1326 Ἀθή-
1572 1276 1647 1312 106

195 1355 338 1398 νησιν,
365 1344 416 1386 οὐ
444 1345 583 1396 μόνον
606 1342 866 1397 Ἀμφίπολιν
897 1343 968 1384 καὶ
1001 1344 1080 1397 την
1108 1344 1374 1397 Καρδιανῶν
1404 1344 1551 1399 χώραν

197 1415 536 1469 ἀπεστερηκότος
556 1416 792 1468 Φιλίππου,
812 1413 921 1455 ἀλλὰ
941 1414 1010 1455 καὶ
1032 1414 1426 1465 κατασκευάζοντος
1446 1415 1551 1467 ὑμῖν

197 1485 465 1542 ἐπιτείχισμα
492 1487 572 1540 τὴν
592 1486 792 1539 Εὔβοιαν
817 1486 888 1527 καὶ
915 1491 999 1527 νῦν
1020 1484 1089 1526 ἐπὶ
1109 1485 1351 1536 Βυζάντιον
1371 1486 1552 1540 παριόν-

196 1573 288 1612 τος,
322 1556 514 1610 ασφαλές
551 1555 641 1598 ἐστι
674 1556 817 1611 λέγειν
849 1556 957 1611 ὑπὲρ
988 1557 1222 1598 Φιλίππου.
1266 1556 1338 1597 καὶ
1368 1558 1451 1611 γάρ
1483 1571 1551 1597 τοι
1571 1574 1605 1600 20

197 1628 366 1670 τούτων
397 1628 477 1680 μὲν
511 1626 556 1669 ἐκ
581 1636 766 1683 πτωχῶν
799 1626 908 1669 ἔνιοι
947 1629 1053 1682 ταχὺ
1086 1628 1290 1669 πλούσιοι
1323 1629 1551 1681 γίγνονται

198 1700 270 1740 καὶ
290 1697 332 1749 ἐξ
354 1699 599 1752 ἀνωνύμων
619 1699 690 1741 καὶ
708 1698 878 1749 ἀδόξων
897 1696 1068 1748 ἔνδοξοι
1095 1699 1165 1739 καὶ
1186 1698 1411 1753 γνώριμοι,
1430 1699 1550 1750 ὑμεῖς

200 1771 247 1812 δὲ
279 1770 542 1812 τούναντίον
575 1769 621 1812 ἐκ
657 1770 737 1822 μὲν
779 1768 970 1820 ἐνδόξων
1003 1768 1164 1823 ἄδοξοι,
1202 1767 1248 1810 ἐκ
1281 1769 1318 1810 δ’
1351 1769 1552 1823 εὐπόρων

200 1843 374 1896 ἄποροι·
400 1843 563 1891 πόλεως
590 1842 672 1895 γὰρ
693 1839 829 1895 ἔγωγε
855 1844 1047 1882 πλοῦτον
1074 1841 1261 1894 ἠγοῦμαι
1289 1840 1553 1895 συμμάχους,

200 1914 359 1964 πίστιν,
382 1913 573 1966 εὔνοιαν,
594 1910 656 1954 ὧν
676 1912 854 1954 πάντων
874 1910 970 1953 ἔσθ’
996 1912 1117 1964 ὑμεῖς
1139 1913 1306 1965 ἄποροι.
1338 1910 1384 1952 ἐκ
1405 1911 1453 1952 δὲ
1471 1916 1550 1952 τοῦ
1571 1927 1604 1954 25
1678 1906 1680 1963 ξ

200 1984 369 2026 τούτων
385 1984 605 2037 ὀλιγώρως
626 1982 742 2038 ἔχειν
762 1984 833 2024 καὶ
852 1982 927 2024 ἐᾶν
947 1988 1082 2024 ταῦτα
1103 1981 1319 2036 φέρεσθαι
1340 1982 1362 2024 ὁ
1383 1982 1463 2034 μὲν
1483 1981 1553 2023 εὐ-
1630 2027 1640 2038 ·
1677 1978 1680 2039 1

202 2057 370 2108 δαίμων
390 2055 460 2096 καὶ
481 2054 612 2109 μέγας
633 2055 704 2096 καὶ
719 2055 907 2109 φοβερὸς
928 2060 1061 2095 πᾶσιν
1073 2051 1279 2107 Ἕλλησιν
1299 2053 1370 2094 καὶ
1389 2053 1553 2107 βαρβά-

202 2143 306 2181 ροις,
333 2127 454 2178 ὑμεῖς
482 2125 520 2167 δ’
552 2124 703 2180 ἔρημοι
729 2126 799 2167 καὶ
825 2126 1035 2179 ταπεινοί,
1060 2131 1110 2180 τῇ
1136 2131 1224 2166 τῶν
1245 2124 1389 2165 ὠνίων
1409 2123 1552 2178 ἀφθο-

201 2199 275 2255 νία
301 2198 503 2251 λαμπροί,
527 2203 578 2252 τῇ
603 2196 641 2237 δ’
667 2193 730 2238 ὧν
749 2203 940 2250 προσῆκε
960 2200 1211 2253 παρασκευῇ
1230 2195 1552 2249 καταγέλαστοι.

202 2269 254 2311 οὐ
287 2269 365 2310 τὸν
398 2268 533 2309 αὐτὸν
566 2268 613 2309 δὲ
646 2269 809 2321 τρόπον
835 2268 936 2322 περί
960 2266 1005 2309 θ’
1038 2268 1160 2319 ὑμῶν
1186 2267 1257 2308 καὶ
1283 2266 1381 2321 περὶ
1408 2265 1553 2307 αὑτῶν
1572 2283 1606 2309 30
