1689 2531
61 103 65 110 .
87 81 145 125 rx]
532 81 657 112 ΚΑΤΑ
683 80 936 113 ΦΙΑῙΠΠΟΤ
960 81 990 113 Γ
1350 80 1431 121 107

88 183 177 226 πῶς
203 174 308 231 ἔχει;
334 175 432 231 οὐχὶ
452 176 526 225 τὰς
545 177 762 225 πολιτείας
783 175 855 217 καὶ
874 176 948 225 τὰς
968 176 1113 226 πόλεις
1134 175 1280 218 αὐτῶν
1299 174 1434 235 παρῄ-

89 262 214 301 ρηται
250 247 321 288 καὶ
357 247 608 301 τετραρχίας
645 246 924 300 κατέστησεν,
961 247 1033 288 ἴνα
1067 248 1124 301 μὴ
1159 248 1298 299 μόνον
1327 248 1435 289 κατὰ

88 320 234 367 πόλεις
261 317 369 359 ἀλλὰ
394 317 465 359 καὶ
491 315 581 358 κατ’
608 315 718 371 ἔθνη
746 317 1035 368 δουλεύωσιν;
1061 318 1104 359 αἱ
1133 315 1168 359 δ’
1196 316 1244 359 ἐν
1264 318 1434 375 Εὐβοίᾳ

88 390 234 439 πόλεις
254 388 334 431 οὐκ
353 389 435 442 ἤδη
455 394 789 443 τυραννοῦνται,
814 388 885 429 καὶ
904 386 1022 429 ταῦτ’
1043 387 1091 430 ἐν
1109 390 1228 445 νήσῳ
1249 390 1435 443 πλησίον

45 464 68 500 8
93 462 263 513 Θηβῶν
296 460 366 501 καὶ
392 456 609 513 Ἀθηνῶν;
645 460 697 501 οὐ
733 459 975 513 διαρρήδην
1010 460 1070 509 εἰς
1101 459 1175 509 τὰς
1208 458 1434 509 ἐπιστολὰς

53 549 68 574 e
88 530 248 585 γράφει
278 529 397 586 ,,ἐμοὶ
431 528 468 572 δ’
501 528 620 572 ἐστὶν
658 531 808 584 εἰρήνη
840 530 948 585 πρὸς
979 532 1080 580 τοὺς
1119 529 1296 572 ἀκούειν
1329 530 1434 583 ἐμοῦ

87 601 426 655 βουλομένουςίίς
458 600 529 642 καὶ
557 601 608 643 οὐ
634 601 795 656 γράφει
820 601 902 654 μὲν
927 607 1080 655 ταῦτα,
1105 609 1194 651 τοῖς
1221 601 1259 643 δ’
1292 600 1434 656 ἔργοις

88 673 140 714 οὐ
167 679 294 727 ποιεῖ,
319 670 411 714 ἀλλ’
444 670 511 726 ἐφ’
545 673 866 726 Ἑλλήσποντον
893 672 1066 727 οἴχεται,
1091 674 1306 726 πρότερον
1331 670 1435 727 ἧκεν

89 741 153 785 ἐπ’
182 741 462 798 Ἀμβρακίαν,
480 738 614 785 ἴΗλιν
645 742 731 798 ἔχει
763 744 1027 797 τηλικαύτην
1058 745 1189 784 πόλιν
1221 742 1269 785 ἐν
1295 747 1435 786 Πελο-

34 833 67 858 10
86 817 310 871 ποννήσῳ,
342 814 566 869 ιἉεγάροις
593 813 881 867 ἐπεβούλευσε
906 811 1070 872 πρῴην,
1101 812 1201 856 οὔθ’
1232 815 1257 868 ἡ
1286 816 1434 864 Ἑλλὰς

88 884 189 927 οὔθ’
221 886 247 939 ἡ
273 886 493 940 βάρβαρος
518 887 598 939 τὴν
624 884 879 935 πλεονεξίαν
904 893 1034 940 χωρεῖ
1052 885 1332 940 τάνθρώπου.
1364 888 1435 928 καὶ

87 954 215 998 ταῦθ’
248 956 434 1010 ὁρῶντες
473 957 511 998 οἱ
538 954 741 1010 ’Έλληνες
778 957 962 1005 ἅπαντες
1001 956 1072 997 καὶ
1110 955 1343 1006 ἀκούοντες
1383 957 1434 998 οὐ

87 1026 310 1080 πέμπομεν
330 1027 531 1081 πρέσβεις
546 1026 643 1081 περὶ
658 1027 827 1068 τούτων
840 1028 947 1081 πρὸς
962 1026 1175 1081 ἀλλήλους
1190 1028 1260 1068 καὶ
1275 1027 1435 1081 ἀγανα-

87 1104 288 1153 κτοῦμεν,
312 1098 425 1140 οὕτω
460 1098 507 1139 δὲ
538 1105 676 1147 κακῶς
713 1098 967 1150 διακείμεθα
999 1098 1070 1140 καὶ
1098 1099 1435 1152 διορωρύγμεθα

35 1189 69 1214 15
88 1170 195 1211 κατὰ
227 1171 385 1223 πόλεις,
410 1168 510 1210 ὥστ’
548 1170 646 1223 ἄχρι
678 1175 751 1223 τῆς
777 1170 964 1222 τήμερον
990 1169 1148 1223 ἡμέρας
1175 1169 1307 1210 οὐδὲν
1335 1170 1434 1211 οὔτε

90 1247 178 1282 τῶν
204 1241 521 1294 συμφερόντων
547 1240 647 1282 οὔτε
679 1247 766 1281 τῶν
793 1241 984 1281 δεόντων
1009 1239 1166 1294 πρᾶξαι
1194 1240 1436 1295 δυνάμεθα,

89 1311 193 1353 οὐδὲ
214 1316 439 1365 συστῆναι,
459 1310 562 1352 οὐδὲ
575 1312 813 1352 κοινωνίαν
833 1313 1041 1364 βοηθείας
1056 1310 1126 1352 καὶ
1143 1312 1290 1365 φιλίας
1310 1311 1434 1353 οὐδε-

88 1383 192 1435 μίαν
218 1384 500 1435 ποιήσασθαι,
525 1380 634 1422 ἀλλὰ
660 1383 785 1434 μείζω
813 1383 1077 1436 γιγνόμενον
1096 1382 1174 1423 τὸν
1194 1382 1435 1436 ἄνθρωπον

89 1459 372 1507 περιορῶμεν,
396 1453 474 1494 τὸν
494 1453 656 1506 χρόνον
676 1453 882 1506 κερδᾶναι
903 1458 1061 1494 τοῦτον
1082 1452 1134 1494 ὃν
1154 1454 1283 1502 ἄλλος
1303 1452 1435 1495 ἀπόλ-

34 1543 68 1568 20
89 1527 213 1565 λυται
239 1523 415 1572 ἕκαστος
443 1521 653 1577 ἐγνωκώς,
679 1523 734 1572 ὥς
761 1522 799 1577 γ’
827 1522 920 1575 ἐμοὶ
947 1524 1079 1576 δοκεῖ,
1106 1523 1184 1578 οὐχ
1213 1524 1326 1573 ὅπως
1354 1535 1435 1580 σῳ-

88 1596 271 1648 θήσεται
304 1595 355 1635 τὰ
386 1602 474 1636 τῶν
494 1591 716 1647 Ἑλλήνιον
750 1602 923 1635 σκοπῶν
956 1594 1059 1636 οὐδὲ
1085 1594 1300 1649 πράττων,
1332 1594 1435 1649 ἐπεί,

89 1666 155 1708 ὅτι
180 1662 219 1719 γ’
251 1665 394 1718 ὥσπερ
421 1665 622 1718 περίοδος
648 1664 672 1718 ἢ
700 1666 916 1719 καταβολὴ
943 1672 1133 1718 πυρετοῦ
1159 1665 1184 1719 ἢ
1212 1666 1346 1707 ἄλλου
1373 1682 1434 1707 τι-

87 1737 163 1785 νὸς
189 1742 323 1777 κακοῦ
350 1735 421 1777 καὶ
447 1742 505 1792 τῷ
526 1735 641 1777 πάνυ
668 1737 816 1790 πόρρω
850 1736 1055 1777 δοκοῦντι
1082 1743 1167 1777 νῦν
1193 1736 1434 1790 ἀφεστάναι

88 1805 384 1861 προσέρχεται,
409 1805 553 1855 οὐδεὶς
580 1804 740 1859 ἀγνοεῖ.
772 1805 842 1847 καὶ
869 1808 955 1861 μὴν
980 1806 1154 1848 κάκεῖνό
1175 1806 1214 1860 γ’
1241 1807 1344 1861 ἴστε,
1369 1808 1434 1849 ὅτι

35 1895 68 1921 25
89 1877 170 1919 ὅσα
203 1877 282 1930 μὲν
317 1877 401 1918 ὑπὸ
437 1877 796 1928 Λακεδαιμονίων
828 1877 853 1931 ἢ
889 1875 964 1932 ὑφ’
1006 1879 1127 1932 ἡμῶν
1164 1876 1355 1932 ἔπασχον
1394 1879 1433 1919 οῑ

78 1946 297 2002 ΓΈλληνες,
322 1946 413 1989 ἀλλ’
447 1945 528 1989 οὖν
559 1948 643 1989 ὑπὸ
670 1949 864 2001 γνησίων
889 1948 929 2002 γ’
961 1950 1103 1990 ὄντων
1133 1955 1207 2002 τῆς
1227 1947 1434 1998 Ἑλλάδος

87 2019 334 2072 ἠδικοῦντο,
358 2018 429 2060 καὶ
455 2019 533 2060 τὸν
559 2018 694 2060 αὐτὸν
713 2020 877 2072 τρόπον
897 2021 952 2060 ἄν
972 2035 1034 2068 τις
1054 2019 1271 2073 ὑπέλαβεν
1291 2018 1436 2074 τοῦθ’,

88 2089 231 2143 ὥσπερ
259 2088 313 2130 ἂν
340 2091 376 2131 εἰ
396 2090 490 2138 υἱὸς
511 2087 558 2131 ἐν
579 2088 706 2146 οὐσίᾳ
726 2093 863 2145 πολλῇ
883 2091 1073 2144 γεγονὼς
1093 2093 1271 2143 γνήσιος
1292 2088 1433 2147 διῴκει

89 2176 130 2201 τι
164 2161 220 2214 μὴ
255 2163 393 2210 καλῶς
428 2159 528 2214 μηδ’
567 2160 731 2213 ὀρθῶς,
765 2160 857 2201 κατ’
897 2161 1002 2202 αὐτὸ
1038 2162 1117 2213 μὲν
1152 2159 1267 2202 τοῦτ’
1311 2161 1434 2212 ἄξιον

35 2248 69 2273 80
89 2230 285 2283 μέμψεως
312 2226 423 2272 εἶναι
449 2229 520 2272 καὶ
546 2232 816 2285 κατηγορίας,
842 2231 898 2281 ὡς
925 2230 963 2272 δ’
988 2232 1040 2273 οὐ
1067 2234 1299 2286 προσήκων
1324 2232 1349 2287 ἢ
1377 2233 1433 2282 ὡς

1461 333 1503 363 27

1461 1396 1504 1426 29

1461 1820 1505 1850 30
