1689 2531
112 668 154 698 33

179 135 236 175 34
658 136 1032 170 ΔΗΜΟΣΘΕΝΟΤΣ
1461 137 1526 182 UH

179 230 463 285 πράττοντας·
490 230 606 273 ὁποῖ’
629 231 734 273 ἄττα
759 232 841 285 γὰρ
864 230 918 272 ἂν
937 232 989 272 τὰ
1010 229 1326 285 ἐπιτηδεύματα
1345 239 1433 273 τῶν
1453 231 1528 273 ἀν-

179 302 374 356 θρώπων
393 296 433 360 ᾖ,
455 309 659 344 τοιοῦτον
679 301 845 356 ἀνάγκη
866 302 937 343 καὶ
956 303 1004 343 τὸ
1027 300 1214 356 φρόνημ’
1240 300 1367 358 ἔχειν.
1393 309 1528 344 ταῦτα

179 373 237 425 μὰ
268 373 349 427 τὴν
374 370 570 427 Δήμητρ’
604 372 684 414 οὐκ
716 372 771 414 ἂν
803 370 1073 425 θαυμάσαιμ’
1106 374 1142 414 εἰ
1174 374 1330 425 μείζων
1362 374 1529 415 εἰπόντι

181 441 275 495 ἐμοὶ
300 443 471 497 γε’νοιτο
504 441 602 498 παρ’
640 443 764 496 ὑμῶν
795 443 935 497 βλάβη
968 450 1056 484 τῶν
1087 445 1386 499 πεποιηκότων
1420 444 1530 486 αὐτὰ

180 514 407 568 γενέσθαι·
430 514 535 556 οὐδὲ
553 515 635 568 γὰρ
657 515 877 568 παρρησία
896 514 995 568 περὶ
1014 515 1192 556 πάντων
1215 514 1281 556 ἀεὶ
1301 512 1400 570 παρ’
1426 515 1530 569 ἡμῖν
1550 532 1565 558 5

183 583 314 639 ἐστιν,
340 582 431 626 ἀλλ’
464 582 588 638 ἔγωγ’
616 585 682 626 ὅτι
708 585 780 626 καὶ
805 591 892 626 νῦν
917 585 1071 639 γε’γονε
1097 586 1317 638 θαυμάζω.

235 653 339 697 Ἐὰν
372 653 453 697 οὖν
486 655 595 697 ἀλλὰ
626 662 712 697 νῦν
744 653 783 710 γ’
816 653 871 697 ἔτ’
905 655 1224 710 ἀπαλλαγέντες
1249 656 1418 698 τούτων
1443 663 1531 697 τῶν

183 725 302 768 ἐθῶν
337 726 573 780 ἐθελήσητε
609 727 929 781 στρατεύεσθαί
969 742 1015 769 τε
1052 728 1124 768 καὶ
1161 727 1367 781 πράττειν
1404 725 1531 777 ἀξίως

182 797 305 850 ὑμῶν
340 797 504 852 αὐτῶν,
537 798 609 839 καὶ
643 805 736 847 ταῖς
771 799 1042 853 περιουσίαις
1083 805 1175 848 ταῖς
1210 798 1322 840 οἴκοι
1357 798 1532 847 ταύταις

183 868 400 923 ἀφορμαῖς
427 867 496 910 ἐπὶ
521 869 574 910 τὰ
605 867 684 920 ἔξω
717 876 805 910 τῶν
837 868 1021 923 ἀγαθῶν
1052 871 1294 924 χρήσησθε,
1332 869 1435 919 ἴσως
1467 869 1534 923 ἄν,
1554 886 1587 911 ιο

183 939 285 988 ἴσως
312 936 344 980 ὦ
372 940 529 994 ἄνδρες
546 937 771 994 Ἀθηναῖοι
803 939 971 982 τέλειόν
1002 956 1042 982 τι
1069 941 1140 982 καὶ
1166 940 1274 994 με’γα
1299 938 1527 994 κτήσαισθ’

183 1009 357 1064 ἀγαθὸν
391 1011 463 1052 καὶ
497 1017 586 1052 τῶν
618 1011 832 1052 τοιούτων
867 1011 1100 1065 λημμάτων
1141 1011 1474 1065 ἀπαλλαγείητε,
1508 1011 1534 1052 ἃ

183 1087 273 1130 τοῖς
306 1080 588 1136 [ἀσθενοῦσι]
628 1082 744 1135 παρὰ
782 1089 870 1123 τῶν
909 1083 1070 1136 ἰατρῶν
1103 1083 1255 1131 σιτίοις
1288 1081 1533 1134 διδομένοις

184 1149 337 1193 ἔοικεν.
376 1152 447 1193 καὶ
480 1153 562 1206 γὰρ
597 1150 724 1194 ἐκεῖν’
764 1150 852 1194 οὔτ’
893 1154 1021 1208 ἰσχὺν
1054 1148 1284 1206 ἐντίθησιν
1309 1150 1399 1195 οὔτ’
1431 1152 1535 1194 ἀπο-

186 1220 399 1281 θνῄσκειν
427 1221 493 1279 ἐᾷ·
525 1223 597 1264 καὶ
623 1221 752 1265 ταῦθ’
786 1223 812 1265 ἑὲ
843 1223 1032 1276 νέμεσθε
1058 1231 1144 1265 νῦν
1169 1223 1310 1278 ὑμεῖς,
1341 1224 1441 1266 οὔτε
1466 1240 1535 1265 το-
1556 1240 1589 1266 15

187 1291 306 1335 σαῦτ’
334 1292 466 1348 ἐστίν,
491 1291 591 1335 ὥστ’
618 1294 835 1348 ὠφέλειαν
860 1292 976 1350 ἔχειν
1002 1295 1101 1336 τινὰ
1121 1295 1289 1349 διαρκῆ,
1314 1292 1404 1337 οὔτ’
1431 1294 1536 1336 ἀπο-

186 1366 371 1419 γνόντας
398 1365 504 1406 ἄλλο
530 1380 571 1406 τι
597 1365 803 1419 πράττειν
830 1364 896 1422 ἐᾷ,
927 1363 1019 1407 ἀλλ’
1051 1363 1142 1407 ἔστι
1174 1372 1309 1407 ταῦτα
1335 1366 1415 1420 τὴν
1441 1364 1536 1406 ἑκά-

117 1449 159 1480 34
187 1447 292 1478 στου
321 1436 547 1493 ῥᾳθυμίαν
597 1436 719 1490 ἡμῶν
746 1435 1056 1487 ἐπαυξάνοντα.
1089 1436 1278 1490 ,,οὐκοῦν
1305 1438 1359 1478 σὺ
1379 1440 1536 1489 μισθο-
1557 1439 1606 1474 38

188 1507 333 1561 φορὰν
359 1507 540 1560 λε’γει-ς;ίί
567 1509 698 1561 φήσει
729 1523 804 1557 τις.
837 1507 908 1548 καὶ
934 1507 1193 1562 παραχρῆμά
1219 1523 1268 1561 γε
1293 1508 1374 1561 τὴν
1399 1507 1537 1561 αὐτὴν

116 1592 175 1617 120
191 1577 398 1628 σύνταξιν
424 1577 630 1619 ἁπάντων
656 1575 688 1618 ὦ
716 1578 873 1632 ἄνδρες
889 1575 1133 1632 Ἀθηναῖοι,
1164 1578 1237 1619 ἵνα
1262 1585 1350 1619 τῶν
1376 1585 1537 1619 κοινῶν
1558 1595 1591 1620 2⁰

188 1648 365 1698 ἕκαστος
390 1650 438 1691 τὸ
465 1648 594 1703 μέρος
622 1649 869 1703 λαμβάνων,
896 1649 1001 1691 ὅτου
1027 1646 1165 1690 δέοιθ’
1197 1649 1222 1702 ἡ
1243 1650 1380 1703 πόλις,
1405 1645 1530 1690 τοῦθ’

188 1720 387 1775 ὑπάρχοι.
426 1718 593 1770 ἔξεστιν
625 1720 748 1773 ἄγειν
780 1720 983 1774 ἡσυχίαν·
1022 1720 1134 1761 οἴκοι
1166 1720 1310 1772 με’νων
1341 1721 1539 1774 βελτίων,

188 1797 266 1833 τοῦ
293 1788 348 1832 δι’
382 1788 556 1832 ἔνδειαν
582 1790 749 1847 ἀνάγκη
770 1806 810 1832 τι
831 1797 974 1832 ποιεῖν
995 1791 1178 1845 αἰσχρὸν
1198 1789 1537 1844 ἀπηλλαγμένος.

190 1863 421 1916 συμβαίνει
447 1878 487 1903 τι
513 1868 717 1903 τοιοῦτον
743 1855 840 1904 οἷον
865 1862 937 1903 καὶ
962 1862 1014 1903 τὰ
1039 1867 1142 1903 νῦν·
1176 1861 1437 1916 στρατιώτης
1463 1861 1539 1903 αὐ-

189 1934 261 1983 τὸς
286 1933 496 1988 ὑπάρχων
522 1932 605 1974 ἀπὸ
638 1940 727 1974 τῶν
753 1932 899 1974 αὐτῶν
924 1933 1093 1974 τούτων
1121 1932 1365 1987 λημμάτων,
1393 1932 1537 1986 ὥσπερ
1559 1948 1591 1974 25

191 2004 282 2046 ἐστὶ
308 2005 479 2046 δίκαιον
506 2004 614 2058 ὑπὲρ
635 2010 709 2057 τῆς
729 2005 948 2059 πατρίδος.
981 2002 1072 2045 ἔστι
1092 2019 1156 2053 τις
1177 2001 1255 2053 ἔξω
1276 2009 1350 2057 τῆς
1371 2004 1538 2057 ἡλικίας

190 2077 329 2130 ἡμῶν·
375 2073 437 2117 ὅσ’
483 2072 610 2124 οὗτος
649 2074 838 2124 ἀτάκτως
870 2081 956 2116 νῦν
989 2074 1223 2128 λαμβάνων
1257 2074 1336 2115 οὐκ
1369 2073 1539 2128 ὠφελεῖ,

190 2144 309 2188 ταῦτ’
342 2145 390 2188 ἐν
416 2147 487 2203 ἰ’σῃ
512 2145 629 2196 τάξει
656 2146 892 2199 λαμβάνων
918 2143 1040 2187 πάντ’
1069 2144 1242 2200 ἐφορῶν
1268 2145 1339 2186 καὶ
1360 2145 1539 2186 διοικῶν

121 2230 164 2260 35
192 2218 217 2260 ἃ
243 2219 323 2273 χρὴ
349 2217 629 2272 πράττεσθαι.
663 2217 771 2266 ὅλως
799 2214 839 2258 δ’
872 2214 961 2258 οὔτ’
994 2216 1170 2272 ἀφελὼν
1196 2217 1296 2258 οὔτε
1316 2217 1540 2270 προσθείς,

192 2290 306 2344 πλὴν
331 2295 511 2344 μικρῶν,
535 2289 616 2343 τὴν
642 2286 821 2338 ἀταξίαν
847 2287 1015 2329 ἀνελὼν
1042 2289 1101 2337 εἰς
1127 2286 1250 2337 τάξιν
1269 2287 1436 2340 ἤγαγον
1461 2287 1541 2340 τὴν
1560 2303 1594 2329 so
