1689 2531
197 65 280 106 174
678 67 1054 101 ΔΗΜΟΣΘΕΝΟΤΣ
1470 69 1538 113 [xv

193 163 264 203 διὰ
284 163 364 217 τὴν
384 163 532 204 αὑτῶν
557 162 689 218 ὕβριν
715 163 820 215 ὑμῖν
852 165 1178 217 πολεμήσαντας
1211 163 1262 206 οὐ
1288 163 1434 218 πάλαι,
1459 170 1543 206 νῦν

192 231 240 274 ἐν
271 233 376 285 ὑμῖν
407 234 558 286 μόνοις
590 240 664 288 τῆς
697 234 843 275 αὑτῶν
871 235 1082 289 σωτηρίας
1114 232 1228 289 ἔχειν
1253 235 1328 284 τὰς
1355 233 1542 284 ἐλπίδας.

191 303 315 354 ἄξιον
356 302 393 346 δ’
424 305 615 359 ἡσθῆναι
651 309 711 362 τῷ
742 306 927 359 παρόντι
959 310 1111 362 καιρῷ·
1145 308 1410 360 συμβήσεται
1447 308 1544 362 γάρ,

192 373 268 417 ἐὰν
295 375 319 417 ἑὲ
346 376 427 430 χρὴ
453 374 752 430 βουλεύσησθ’
779 376 888 429 ὑπὲρ
916 376 1066 430 αὐτοῦ,
1091 377 1163 426 τὰς
1190 378 1305 431 παρὰ
1336 385 1425 419 τῶν
1452 379 1544 420 δια-

190 448 447 499 βαλλόντων
478 447 558 501 τὴν
589 448 720 488 πόλιν
745 447 868 501 ἡμῶν
900 449 1176 501 βλασφημίας
1202 446 1313 505 ἔργῳ
1340 450 1445 501 μετὰ
1472 451 1543 492 δό-
1563 464 1578 490 5

145 529 164 558 3
193 516 265 571 ξης
298 521 429 571 καλῆς
462 517 783 559 ἀπολύσασθαι.
828 516 1061 576 ᾐτιάσαντο
1094 519 1174 571 μὲν
1205 520 1287 574 γὰρ
1319 521 1427 574 ἡμᾶς
1454 519 1544 562 ἐπι-

190 589 421 642 βουλεύειν
447 589 594 638 αὑτοῖς
619 591 721 630 Χῖοι
746 589 818 630 καὶ
838 589 1069 640 Βυζάντιοι
1095 590 1166 631 καὶ
1188 591 1354 645 Ῥόδιοι,
1379 591 1451 633 καὶ
1471 592 1543 633 διὰ

190 665 324 700 ταῦτα
352 659 626 713 συνέστησαν
658 658 725 714 ἐφ’
758 660 866 714 ἡμᾶς
892 661 970 702 τὸν
995 665 1245 702 τελευταῖον
1271 662 1446 704 τουτονὶ
1466 663 1543 704 πό-

192 734 341 783 λεμον·
369 733 611 784 φανήσεται
640 728 676 772 δ’
710 731 732 773 ὁ
759 731 839 784 μὲν
865 733 1169 785 πρυτανεύσας
1194 738 1330 774 ταῦτα
1355 733 1426 775 καὶ
1451 735 1542 776 πεί-

191 812 267 851 σας
299 802 569 857 ΝΙαύσωλος,
601 804 727 858 φίλος
761 798 873 844 εἶναι
901 802 1084 857 φάσκων
1103 800 1293 858 Ῥοδίων,
1317 804 1398 858 τὴν
1424 802 1539 846 ἐλευ-
1562 819 1596 844 10

192 873 352 927 θερίαν
386 872 532 914 αὐτῶν
564 872 855 930 ἀφῃρημένος,
890 874 930 916 ol
958 871 998 915 δ’
1031 873 1334 924 ἀποδείξαντες
1361 873 1541 924 ἑαυτοὺς

191 943 442 998 συμμάχους
457 947 558 986 Χῖοι
579 944 649 985 καὶ
670 944 902 996 Βυζάντιοι
923 951 1013 994 τοῖς
1033 944 1304 1000 ἀτυχήμασιν
1323 945 1469 987 αὐτῶν
1489 945 1541 988 οὐ

142 1028 162 1056 4
188 1016 524 1070 βεβοηθηκότες,
549 1015 670 1068 ὑμεῖς
698 1013 756 1070 δ’,
783 1015 858 1065 οὓς
885 1014 1145 1071 ἐφοβοῦντο,
1169 1017 1296 1068 μόνοι
1322 1023 1410 1058 τῶν
1435 1017 1543 1059 πάν-

187 1101 275 1127 των
306 1091 380 1139 τῆς
414 1089 627 1141 σωτηρίας
660 1086 807 1136 αὐτοῖς
840 1087 982 1128 αἴτιοι.
1027 1085 1073 1128 ἐκ
1107 1087 1155 1128 δὲ
1185 1093 1264 1129 τοῦ
1296 1085 1424 1129 ταῦθ’
1457 1085 1536 1143 ὑφ’

188 1155 393 1198 ἁπάντων
413 1156 612 1211 ὀφθῆναι
626 1159 827 1211 ποιήσετε
846 1159 948 1207 τοὺς
968 1160 1158 1208 πολλοὺς
1179 1157 1225 1199 ἐν
1246 1157 1430 1209 ἁπάσαις
1450 1166 1542 1209 ταῖς
1562 1174 1596 1200 15

187 1229 338 1269 πόλεσι
365 1234 495 1270 τοῦτο
521 1233 747 1270 ποιεῖσθαι
780 1229 1005 1282 σύμβολον
1036 1235 1110 1282 τῆς
1146 1229 1291 1271 αὑτῶν
1318 1232 1545 1286 σωτηρίας,

188 1296 266 1340 ἐὰν
285 1298 392 1351 ὑμῖν
413 1296 523 1341 ὦσιν
544 1301 679 1354 φίλοι,
693 1297 745 1341 οὗ
765 1302 912 1352 μεῖζον
927 1299 1060 1342 οὐδὲν
1075 1299 1128 1342 ἂν
1143 1301 1248 1353 ὑμῖν
1261 1298 1419 1355 γένοιτ’
1440 1300 1543 1356 ἀγα-

188 1370 289 1423 θόν,
315 1369 339 1423 ἢ
360 1370 478 1424 παρὰ
497 1370 675 1412 πάντων
702 1369 892 1412 ἑκόντων
913 1370 1168 1413 ἀνυπόπτου
1189 1379 1338 1426 τυχεῖν
1359 1371 1543 1422 εὐνοίας.

141 1454 160 1483 5
251 1441 461 1494 Θαυμάζω
489 1441 529 1483 δ’
549 1442 614 1483 ὅτι
634 1444 736 1492 τοὺς
762 1442 922 1492 αὐτοὺς
949 1442 1035 1498 ὁρῶ
1056 1443 1164 1496 ὑπὲρ
1191 1443 1271 1496 μὲν
1286 1444 1543 1497 Αἰγυπτίων

187 1511 397 1554 τάναντία
429 1512 636 1565 πράττειν
670 1516 846 1567 βασιλεῖ
875 1514 956 1568 τὴν
986 1515 1117 1556 πόλιν
1147 1516 1402 1569 πείθοντας,
1434 1514 1542 1569 ὑπὲρ
1564 1529 1598 1553 20

190 1583 237 1624 δὲ
270 1589 348 1625 τοῦ
369 1581 548 1626 Ῥοδίων
581 1585 720 1638 δήμου
754 1583 1059 1639 φοβουμένους
1091 1585 1169 1626 τὸν
1201 1586 1340 1639 ἄνδρα
1371 1591 1540 1632 τοῦτον,

189 1655 329 1696 καίτοι
356 1656 457 1705 τοὺς
483 1655 563 1708 μὲν
581 1653 793 1709 ΓΈλληνας
819 1657 948 1706 ὄντας
975 1656 1160 1705 ἅπαντες
1192 1656 1351 1711 ἴσασιν,
1375 1658 1478 1706 τοὺς
1498 1657 1536 1698 δ’

142 1738 160 1768 6
189 1723 236 1766 ἐν
277 1732 328 1780 τῇ
370 1724 569 1783 ἀρχῇῇτῇ
598 1724 765 1768 ’κείνου
800 1726 1152 1781 μεμερισμένους.
1194 1723 1313 1780 οἶμαι
1349 1725 1386 1769 δ’
1418 1728 1542 1780 ὑμῶν
1562 1731 1638 1770 192

188 1797 482 1849 μνημονεύειν
522 1795 685 1852 ἐνίους,
724 1798 789 1839 ὅτι
828 1795 940 1850 ἡνίκ’
983 1795 1269 1851 ἐβουλεύεσθ’
1309 1798 1418 1853 ὑπὲρ
1456 1806 1545 1840 τῶν

188 1868 448 1921 βασιλικῶν,
486 1870 723 1922 παρελθὼν
760 1875 929 1920 πρῶτος
965 1867 1047 1923 ἐγὼ
1080 1868 1318 1928 παρῄνεσα,
1350 1865 1470 1922 οἶμαι
1497 1870 1544 1912 δὲ
1564 1889 1597 1915 25

189 1939 322 1990 μόνος
348 1938 373 1993 ἢ
401 1939 604 1994 δεύτερος
632 1941 783 1995 εἰπεῖν,
818 1941 884 1982 ὅτι
909 1956 982 1993 μοι
1011 1948 1260 1995 σωφρονεῖν
1286 1940 1340 1982 ἂν
1366 1941 1545 1996 δοκεῖτε,

190 2010 227 2050 εἰ
259 2010 340 2064 τὴν
371 2011 598 2064 πρόφασιν
630 2017 704 2064 τῆς
737 2017 1013 2066 παρασκευῆς
1043 2012 1100 2066 μὴ
1136 2012 1216 2066 τὴν
1241 2012 1349 2066 πρὸς
1376 2010 1545 2054 ἐκεῖνον

79 2080 165 2142 135.Ῑῇ
192 2078 360 2135 ἔχθραν
391 2084 609 2136 ποιοῖσθε,
640 2080 749 2123 ἀλλὰ
775 2081 1179 2137 παρασκευάζοισθε
1204 2083 1284 2135 μὲν
1309 2083 1416 2137 πρὸς
1442 2084 1545 2132 τοὺς

97 2172 100 2178 -
192 2151 466 2206 ὑπάρχοντας
499 2150 707 2207 ἐχθρούς,
738 2152 984 2205 ἀμύνοισθε
1012 2153 1059 2195 δὲ
1085 2153 1301 2206 κάκεῖνον,
1333 2152 1409 2195 ἐὰν
1434 2153 1545 2206 ὑμᾶς

190 2222 359 2264 ἀδικεῖν
385 2222 589 2279 ἐπιχειρῇ.
628 2224 699 2265 καὶ
726 2224 805 2266 οὐκ
832 2222 915 2278 ἐγὼ
941 2224 1021 2277 μὲν
1047 2220 1171 2266 εἶπον
1197 2222 1345 2279 ταῦθ’,
1369 2225 1473 2277 ὑμῖν
1499 2222 1537 2266 δ’
1562 2243 1597 2268 3ο
