1689 2531
110 57 167 101 1x]
553 54 679 88 ΚΑΤΑ
705 55 957 89 ΦῑΛΙΠΠοΤ
984 57 1013 88 Γ
1370 54 1453 95 103

169 152 257 194 Καὶ
288 152 374 206 μὴν
406 152 442 193 εἰ
469 150 592 205 μέχρι
618 151 777 192 τούτου
802 157 1132 205 περιμενοῦμεν,
1163 149 1241 200 ἕως
1269 149 1322 192 ὀὲν
1352 150 1451 205 ἡμῖν
1481 164 1523 195 10

102 222 357 280 ’ὁμολογήσῃ
388 226 606 276 πολεμεῖν,
636 221 814 263 πάντων
847 219 975 274 ἐσμὲν
1007 221 1309 276 εὐηθέστατοι·
1348 221 1452 263 οὐδὲ

109 294 191 348 γὰρ
219 293 273 335 ἂν
300 291 369 335 ἐπὶ
394 294 474 348 τὴν
491 290 684 346 Ἀττικὴν
710 292 847 347 αὐτὴν
872 293 1024 350 βαδίζῃ
1050 293 1122 334 καὶ
1148 294 1225 334 τὸν
1252 297 1451 348 Πειραιᾶ,

107 362 223 406 τοῦτ’
255 363 361 419 ἐρεῖ,
404 364 522 418 εἴπερ
561 358 625 413 οἷς
663 364 770 418 πρὸς
807 366 909 413 τοὺς
947 365 1104 414 ἄλλους
1141 365 1347 418 πεποίηκε
1385 365 1451 406 δεῖ

72 453 87 479 5
107 437 427 490 τεκμαίρεσθαι.
471 441 600 476 τοῦτο
632 434 712 486 μὲν
743 435 825 488 γὰρ
852 432 1113 489 Ὀλυνθίοις,
1144 434 1451 489 τετταράκοντ’
1478 447 1518 477 11

106 506 278 561 ἀπέχων
303 512 377 560 τῆς
403 507 567 555 πόλεως
594 506 760 559 στάδια,
786 501 906 547 εἶπεν
927 506 991 547 ὅτι
1013 507 1079 547 δεῖ
1099 506 1226 547 δυοῖν
1245 504 1450 560 θάτερον,

104 577 130 632 ἢ
152 575 340 626 ’κείνους
367 575 415 618 ἐν
434 574 632 632 Ὀλύνθῳ
659 577 715 630 μὴ
743 577 879 618 οἰκεῖν
904 576 929 630 ἣ
957 576 1092 618 αὐτὸν
1112 575 1160 618 ἐν
1179 577 1449 633 ΝΙακεδονίᾳ,

103 648 245 690 πάντα
282 648 360 689 τὸν
398 648 532 689 ἄλλον
570 649 744 702 χρόνον,
782 648 822 689 εἴ
857 663 920 696 τις
959 647 1094 689 αὐτὸν
1131 647 1372 689 αἰτιάσαιτό
1407 662 1447 688 τι

103 725 318 773 τοιοῦτον,
349 718 606 773 ἀγανακτῶν
631 719 702 760 καὶ
729 719 929 773 πρέσβεις
956 718 1135 771 πέμπων
1162 720 1262 768 τοὺς
1289 718 1447 760 ἀπολο-

49 807 82 832 ιο
101 789 388 844 γησομένους·
425 796 554 831 τοῦτο
594 787 632 831 δ’
665 791 724 839 εἰς
762 789 935 839 Φωκέας
968 790 1024 839 ὡς
1056 790 1163 844 πρὸς
1196 789 1446 844 συμμάχους

102 859 350 915 ἐπορεύετο,
387 861 458 902 καὶ
497 860 698 914 πρέσβεις
742 860 928 902 Φωκέων
959 858 1071 914 ἦσαν
1103 862 1146 902 οἳ
1176 860 1446 914 παρηκολού-

100 935 218 973 θουν
244 932 361 989 αὐτῷ
380 931 675 988 πορευομένῳ,
699 932 770 973 καὶ
796 929 897 986 παρ’
929 932 1033 985 ἡμῖν
1058 932 1207 986 ἤριζον
1230 932 1270 973 οἱ
1291 931 1444 972 πολλοὶ

104 1004 310 1057 Θηβαίοις
337 1003 388 1045 οὐ
417 1005 716 1057 λυσιτελήσειν
736 1003 815 1057 τὴν
837 1001 1005 1044 ἐκείνου
1026 1002 1232 1056 πάροδον.
1267 1002 1339 1043 καὶ
1359 1002 1444 1056 μὴν
1474 1014 1513 1044 12

98 1074 170 1115 καὶ
201 1074 340 1128 Φερὰς
366 1071 515 1131 πρῴην
541 1074 597 1123 ὡς
624 1075 751 1127 φίλος
777 1073 847 1114 καὶ
876 1073 1095 1128 σύμμαχος
1123 1074 1182 1122 εἰς
1206 1073 1444 1114 Θετταλίαν

46 1161 79 1186 15
101 1142 246 1186 ἐλθὼν
283 1142 369 1199 ἔχει
406 1144 680 1198 καταλαβών,
717 1144 788 1185 καὶ
825 1145 876 1184 τὰ
914 1147 1136 1185 τελευταῖα
1174 1150 1263 1192 τοῖς
1298 1147 1441 1184 ταλαι-

97 1215 259 1270 πώροις
297 1212 507 1268 Ὠρείταις
557 1216 748 1256 τουτοισὶ
801 1214 1166 1266 ἐπισκεψομένους
1213 1212 1296 1268 ἔφη
1340 1215 1442 1263 τοὺς

99 1286 360 1340 στρατιώτας
385 1286 659 1340 πεπομφέναι
684 1284 772 1327 κατ’
807 1287 1001 1327 εὔνοιαν·
1026 1285 1338 1327 πυνθάνεσθαι
1358 1285 1439 1339 γὰρ

98 1356 256 1406 αὐτοὺς
283 1358 338 1406 ὡς
364 1363 547 1399 νοσοῦσι
572 1357 644 1398 καὶ
665 1356 982 1410 στασιάζουσιν,
1009 1356 1244 1410 συμμάχων
1265 1354 1301 1397 δ’
1329 1352 1440 1397 εἶναι

96 1428 167 1469 καὶ
194 1430 337 1482 φίλων
363 1427 590 1482 ἀληθινῶν
617 1427 663 1469 ἐν
689 1435 778 1477 τοῖς
804 1428 1017 1476 τοιούτοις
1040 1434 1205 1481 καιροῖς
1226 1434 1438 1481 παρεῖναι.

43 1515 76 1540 20
97 1494 170 1540 εἶτ’
202 1496 341 1540 οἴεσθ’
374 1498 521 1551 αὐτόν,
553 1500 596 1540 οἳ
621 1497 830 1552 ἐποίησαν
855 1499 934 1550 μὲν
963 1498 1096 1539 οὐδὲν
1123 1497 1177 1539 ἂν
1202 1499 1350 1552 κακόν,
1381 1499 1437 1552 μὴ
1467 1510 1509 1540 13

0 1571 75 1606 114
95 1572 258 1611 παθεῖν
296 1567 332 1611 δ’
365 1567 634 1626 ἐφυῙλάξαντ’
667 1569 721 1610 ἂν
748 1569 862 1623 ἴσως,
899 1568 1080 1618 τούτους
1112 1569 1191 1621 μὲν
1224 1567 1437 1618 ἐξαπατᾶν

97 1641 319 1693 αἱρεῖσθαι
352 1643 518 1692 μᾶλλον
550 1640 575 1693 ἣ
609 1639 877 1694 προλέγοντα
909 1639 1155 1694 βιάζεσθαι,
1186 1639 1292 1692 ὑμῖν
1325 1637 1364 1681 δ’
1392 1638 1437 1681 ἐκ

95 1712 373 1765 προρρήσεως
422 1713 702 1764 πολεμήσειν,
750 1710 821 1751 καὶ
870 1708 1003 1752 ταῦθ’
1042 1710 1120 1760 ἕως
1169 1709 1222 1751 ἂν
1267 1709 1435 1759 ἑκόντες

95 1780 384 1832 ἐξαπατᾶσθε;
411 1781 490 1822 οὐκ
517 1779 607 1822 ἔστι
633 1787 784 1822 ταῦτα·
810 1781 881 1822 καὶ
906 1782 987 1835 γὰρ
1016 1781 1070 1823 ἂν
1093 1781 1434 1835 ἀβελτερώτατος
1464 1794 1505 1823 14

39 1868 72 1894 25
93 1852 157 1906 εἴη
184 1851 360 1893 πάντων
386 1851 648 1906 ἀνθρώπων,
674 1853 709 1893 εἰ
730 1859 817 1893 τῶν
837 1851 1137 1905 ἀδικουμένων
1157 1852 1280 1904 ὑμῶν
1299 1852 1434 1905 μηδὲν

93 1921 396 1976 ἐγκαλούντων
422 1923 546 1979 αὐτῷ,
571 1920 655 1964 ἀλλ’
688 1923 811 1975 ὑμῶν
837 1923 981 1964 αὐτῶν
1008 1924 1127 1972 τινὰς
1154 1922 1434 1976 αἰτιωμένων,

92 1992 254 2043 ἐκεῖνος
281 1992 462 2043 ἐκλύσας
493 1995 573 2047 τὴν
604 1995 711 2046 πρὸς
743 1993 956 2047 ἀλλήλους
988 1992 1081 2048 ἔριν
1107 1994 1230 2046 ὑμῶν
1262 1994 1331 2034 καὶ
1362 2009 1432 2047 φι-

92 2066 289 2106 λονικίαν
320 2061 386 2118 ἐφ’
425 2064 559 2106 αὑτὸν
591 2065 790 2119 προείποι
821 2064 1076 2119 τρέπεσθαι,
1107 2065 1177 2106 καὶ
1209 2071 1297 2105 τῶν
1328 2062 1426 2118 παρ’

91 2133 248 2177 ἑαυτοῦ
274 2135 673 2189 μισθοφορούντων
698 2137 799 2184 τοὺς
826 2136 981 2189 λόγους
1003 2135 1219 2189 ἀφέλοιτο,
1245 2128 1308 2184 οἷς
1329 2134 1432 2176 ἀνα-

37 2222 71 2247 εο
90 2205 330 2258 βάλλουσιν
341 2205 463 2260 ὑμᾶς,
475 2205 671 2259 λέγοντες
686 2206 742 2255 ὡς
755 2204 915 2255 ἐκεῖνός
928 2204 964 2260 γ’
981 2206 1032 2247 οὐ
1047 2210 1222 2258 πολεμεῖ
1234 2212 1285 2260 τῇ
1296 2206 1430 2248 πόλει.
