1689 2531
89 80 149 126 IV]
526 80 655 112 RATA
681 81 939 113 ΦΙΛΙΠΠΟΤ
965 82 997 113 Α
1376 81 1429 121 47

91 176 268 218 πάντων
298 175 499 230 ὑστερεῖν
529 182 618 217 τῶν
642 173 797 230 ἔργων,
827 175 898 217 καὶ
923 176 1032 230 μηδὲ
1056 182 1186 218 τοῦτο
1213 176 1435 218 δύνασθαι

91 251 265 301 μαθεῖν,
279 247 344 288 ὅτι
360 246 427 287 δεῖ
435 247 537 295 τοὺς
552 246 697 301 ὀρθῶς
711 245 882 303 πολέμῳ
897 246 1146 301 χρωμένους
1162 246 1241 289 οὐκ
1255 245 1436 289 ἀκολου-

92 321 194 359 θεῖν
224 323 314 366 τοῖς
339 316 602 371 πράγμασιν,
627 314 719 358 ἀλλ’
746 317 905 367 αὐτοὺς
930 315 1183 372 ἔμπροσθεν
1211 313 1323 359 εἶναι
1348 324 1436 359 τῶν

91 387 368 443 πραγμάτων,
398 387 470 429 καὶ
495 388 573 429 τὸν
599 387 735 429 αὐτὸν
760 389 924 442 τρόπον
949 388 1093 443 ὥσπερ
1119 395 1207 430 τῶν
1234 399 1437 442 στρατευ-

57 477 72 502 5
92 458 239 512 μάτων
259 457 457 509 ἀξιώσειέ
473 473 537 507 τις
558 457 612 499 ἂν
631 459 709 500 τὸν
730 459 973 513 στρατηγὸν
992 459 1210 513 ἡγεῖσθαι,
1232 458 1345 500 οὕτω
1366 458 1437 500 καὶ

91 537 179 571 τῶν
204 529 470 584 πραγμάτων
501 531 602 578 τοὺς
633 530 996 584 βουλευομένους,
1029 527 1085 572 ἵν’
1112 529 1137 572 ἃ
1170 529 1224 571 ἂν
1256 528 1437 578 ἐκείνοις

93 601 212 656 δοκῇ,
230 606 366 642 ταῦτα
385 599 621 654 πράττηται
641 601 711 641 καὶ
733 601 789 654 μὴ
810 601 862 641 τὰ
883 598 1092 654 συμβάντ’
1113 599 1437 654 ἀναγκάζωνται

93 671 278 713 διώκειν.
311 670 432 723 ὑμεῖς
459 669 496 712 δ’
523 668 555 711 ὦ
582 671 739 725 ἄνδρες
764 668 989 725 Ἀθηναῖοι
1014 673 1221 725 πλείστην
1248 671 1438 723 δύναμιν

93 741 297 783 ἁπάντων
327 739 517 796 ἔχοντες,
549 743 757 795 τριήρεις,
789 741 984 796 ὁπλίτας,
1013 741 1183 796 ἱππέας,
1208 741 1438 797 χρημάτων

41 831 73 855 10
93 813 328 867 πρόσοδον,
352 813 522 854 τούτων
547 813 627 864 μὲν
652 811 776 866 μέχρι
802 819 876 866 τῆς
902 815 1089 866 τήμερον
1108 812 1267 867 ἡμέρας
1288 812 1438 854 οὐδενὶ

92 880 254 924 πώποτ’
287 884 347 932 εἰς
374 882 477 924 δέον
502 899 544 924 τι
570 882 805 938 κέχρησθε,
831 883 963 925 οὐδὲν
990 881 1026 925 δ’
1059 883 1331 937 ἀπολείπετε,
1356 883 1438 924 ὥσ-

93 968 171 1007 περ
199 955 239 995 οῑ
267 953 482 1008 βάρβαροι
509 954 822 1007 πυκτεύουσιν,
849 953 961 995 οὕτω
988 957 1194 1006 πολεμεῖν
1225 955 1438 1009 Φιλίππῳ.

92 1025 163 1066 καὶ
195 1025 277 1079 γὰρ
311 1023 490 1066 ἐκείνων
523 1024 544 1066 ὁ
571 1025 748 1078 πληγεὶς
780 1025 864 1066 αἰεὶ
889 1031 963 1078 τῆς
989 1028 1154 1079 πληγῆς
1181 1023 1333 1079 ἔχεται,
1357 1023 1440 1065 κᾶν

94 1094 275 1149 ἑτέρωσε
306 1094 511 1152 πατάξης,
543 1092 669 1136 ἐκεῖσ’
708 1095 820 1136 εἰσὶν
851 1096 894 1136 αἱ
921 1102 1074 1150 χεῖρες·
1111 1095 1439 1149 προβάλλεσθαι

41 1183 73 1209 15
94 1164 130 1207 δ’
162 1166 187 1220 ἢ
215 1165 392 1220 βλέπειν
419 1164 621 1207 ἐναντίον
647 1163 735 1207 οὔτ’
769 1161 890 1207 οἶδεν
910 1163 999 1207 οὔτ’
1028 1164 1182 1208 ἐθέλει.
1215 1166 1286 1207 καὶ
1305 1165 1439 1220 ὑμεῖς,

95 1236 148 1278 ἂν
181 1235 228 1278 ἐν
253 1238 518 1293 Χερρονήσω
550 1237 761 1290 πύθησθε
792 1238 1030 1290 Φίλιππον,
1062 1235 1198 1278 ἐκεῖσε
1224 1235 1438 1292 βοηθεῖνΙ

24 1311 73 1347 52
92 1309 349 1362 ψηφίζεσθε,
375 1305 452 1348 ἐὰν
478 1305 526 1348 ἐν
547 1307 729 1361 Πύλαις,
755 1305 904 1361 ἐκεῖσε,
930 1305 1006 1349 ἐὰν
1032 1308 1193 1349 ἄλλοθί
1210 1322 1309 1362 που,
1335 1318 1441 1360 συμ-

94 1375 321 1432 παραθεῖτ’
353 1379 442 1419 ἄνω
469 1378 596 1433 κάτω,
621 1379 692 1419 καὶ
719 1376 1023 1432 στρατηγεῖσθ’
1055 1376 1129 1420 ὑπ’
1162 1377 1346 1433 ἐκείνου,
1370 1381 1441 1432 βε-

93 1449 342 1502 βούλευσθε
368 1446 406 1490 δ’
439 1449 570 1490 οὐδὲν
596 1449 720 1490 αὐτοὶ
748 1449 974 1503 συμφέρον
1009 1450 1107 1503 περὶ
1132 1456 1210 1492 τοῦ
1237 1450 1442 1504 πολέμου,

41 1537 75 1562 20
95 1520 199 1562 οὐδὲ
232 1520 316 1573 πρὸ
350 1526 438 1561 τῶν
473 1519 737 1573 πραγμάτων
770 1517 974 1573 προορᾶτ’
1010 1520 1159 1574 οὐδέν,
1193 1521 1298 1574 πρὶν
1334 1520 1387 1562 ἂν
1413 1520 1438 1574 ἣ

95 1589 386 1644 γεγενημένον
416 1590 442 1644 ἢ
474 1591 738 1644 γιγνόμενόν
769 1606 810 1631 τι
836 1591 1056 1644 πύθησθε.
1101 1597 1236 1633 ταῦτα
1264 1590 1304 1632 δ’
1337 1591 1439 1641 ι’σως

95 1662 309 1716 πρότερον
340 1661 420 1714 μὲν
452 1660 573 1715 ἐνῆν·
607 1668 692 1702 νῦν
725 1659 762 1702 δ’
795 1659 858 1703 ἐπ’
890 1661 1027 1716 αὐτὴν
1061 1662 1155 1716 η’κει
1180 1663 1261 1716 τὴν
1287 1662 1440 1717 ἀκμήν,

94 1729 194 1773 ὥστ’
232 1730 369 1774 οὐκέτ’
413 1730 601 1787 ἐγχωρεῖ.
647 1733 766 1774 δοκεῖ
797 1732 847 1773 δέ
878 1748 950 1785 μοι
982 1737 1102 1774 θεῶν
1127 1748 1191 1782 τις
1224 1730 1255 1774 ὦ
1284 1734 1439 1787 ἀνδρες

86 1802 311 1856 Ἀθηναῖοι
342 1809 431 1852 τοῖς
462 1802 738 1856 γιγνομένοις
763 1803 872 1857 ὑπὲρ
898 1809 972 1857 τῆς
998 1805 1162 1853 πόλεως
1183 1805 1441 1858 αἰσχυνόμε-

45 1890 78 1916 25
98 1889 173 1923 νος
198 1874 278 1927 τὴν
305 1874 726 1928 φιλοπραγμοσύνην
746 1874 908 1928 ταύτην
929 1872 1133 1928 ἐμβαλεῖν
1157 1876 1370 1931 Φιλίππῳ.
1404 1876 1440 1916 εἰ

98 1944 179 1998 γὰρ
206 1942 317 1998 ἔχων
343 1944 369 1985 ἃ
394 1943 707 1997 κατέστραπται
733 1945 803 1985 καὶ
830 1946 1095 2000 προείληφεν
1120 1945 1306 2000 ἡσυχίαν
1326 1943 1441 1999 ἔχειν

98 2015 259 2068 ἤθελεν
284 2014 355 2055 καὶ
380 2015 516 2068 μηδὲν
543 2013 751 2068 ἔπραττεν
777 2013 851 2069 ἔτι,
876 2014 1071 2070 ἀποχρῆν
1092 2014 1222 2065 ἐνίοις
1243 2016 1366 2067 ὑμῶν
1386 2016 1441 2056 ἄν

99 2101 170 2137 μοι
186 2085 317 2139 δοκεῖ,
331 2083 372 2134 ἐξ
388 2082 450 2126 ὧν
464 2085 677 2139 αἰσχύνην
703 2085 773 2126 καὶ
793 2085 1036 2139 ἀνανδρίαν
1055 2087 1126 2127 καὶ
1146 2086 1286 2127 πάντα
1306 2087 1356 2127 τὰ
1377 2086 1441 2127 αἴ-

101 2154 234 2210 σχιστ’
255 2155 500 2210 ὠφληκότες
516 2155 569 2196 ἂν
589 2153 697 2209 ἦμεν
717 2157 919 2213 δημοσίᾳ·
946 2162 1030 2197 νῦν
1051 2154 1086 2198 δ’
1109 2155 1337 2211 ἐπιχειρῶν
1358 2158 1444 2198 αἰεί

47 2243 80 2268 30
100 2241 186 2267 τινι
218 2226 289 2267 καὶ
319 2232 397 2267 τοῦ
430 2228 629 2275 πλείονος
657 2226 914 2281 ὀρεγόμενος
941 2227 1043 2276 ἴσως
1076 2227 1130 2269 ἂν
1163 2225 1434 2269 ἐκκαλέσαιθ’

1463 188 1505 219 39

1465 684 1508 715 40

1465 1179 1507 1210 41
