1689 2531
126 73 201 119 vn]
572 75 687 107 ΠΕΡΙ
711 75 1020 107 ΑΛΟΝΝΗΣΟΤ
1415 74 1436 114 7
1446 76 1465 115 1

125 168 262 224 αὐτὴν
294 167 452 211 ἑαυτοῦ
485 164 610 212 εἶναι.
647 176 807 211 τοῦτον
834 170 882 211 δὲ
907 170 985 211 τὸν
1013 171 1159 225 λόγον,
1189 171 1245 221 ὡς
1273 170 1353 212 οὐκ
1378 169 1470 212 ἔστι
1496 183 1516 213 3

125 240 308 295 δίκαιος,
346 239 398 281 οὐ
436 241 627 295 χαλεπόν
665 239 784 282 ἐστιν
816 240 951 282 αὐτοῦ
984 240 1239 295 ἀφελέσθαι.
1284 241 1469 291 ἅπαντες

124 311 206 365 γὰρ
233 311 274 352 οἱ
302 311 454 367 λῃσταὶ
479 312 581 360 τοὺς
607 310 862 365 ἀλλοτρίους
885 312 1045 361 τόπους
1065 311 1469 366 καταλαμβάνοντες

124 381 196 422 καὶ
226 381 410 431 τούτους
437 380 620 436 ἐχυροὺς
646 383 915 437 ποιούμενοι,
947 381 1157 424 ἐντεῦθεν
1182 384 1284 433 τοὺς
1310 383 1469 446 ἄλλους

88 470 104 495 5
124 459 262 501 κακῶς
294 458 510 493 ποιοῦσιν.
550 452 571 494 ὁ
606 453 658 507 δὴ
692 455 793 502 τοὺς
827 454 983 510 λῃστὰς
1014 453 1366 508 τιμωρησάμενος
1398 454 1470 495 καὶ

123 525 338 577 κρατήσας
365 523 445 565 οὐκ
471 523 526 566 ἂν
553 525 694 578 δήπου
721 525 864 566 εἰκότα
892 524 1023 579 λέγοι,
1049 526 1085 566 εἰ
1113 526 1233 579 φαίη,
1259 525 1285 567 ἃ
1312 523 1471 567 ἐκεῖνοι

124 593 282 643 ἀδίκως
314 594 385 635 καὶ
412 594 618 649 ἀλλότρια
646 591 777 650 εἶχον,
811 593 937 636 ταῦθ’
964 594 1122 637 ἑαυτοῦ
1148 597 1394 650 γίγνεσθαι.
1433 597 1469 638 εἰ

122 665 205 719 γὰρ
231 671 367 706 ταῦτα
395 667 708 720 συγχωρήσετε,
740 667 783 707 τί
806 666 976 720 κωλύει,
1008 666 1078 707 καὶ
1105 666 1145 708 εἴ
1168 682 1266 708 τινα
1292 673 1366 720 τῆς
1382 664 1470 709 Ἀτ-

123 742 242 789 τικῆς
275 736 428 793 λῃσταὶ
453 737 590 778 τόπον
617 736 905 789 καταλάβοιεν
931 736 955 790 ἢ
983 738 1166 790 Λήμνου
1192 735 1416 791 ἣἽμβρου
1444 737 1468 791 ἢ

70 820 104 846 10
124 807 318 861 Σκύρου,
343 808 417 848 καί
434 822 548 856 τινες
568 807 751 856 τούτους
771 809 872 857 τοὺς
893 808 1050 864 λῃστὰς
1071 805 1313 862 ἐκκόψαιεν,
1333 807 1470 857 εὐθὺς

124 877 194 919 καὶ
205 878 283 919 τὸν
293 878 429 919 τόπον
441 884 612 932 τοῦτον,
623 875 675 919 οὗ
688 875 799 931 ἦσαν
814 879 853 920 οἱ
870 879 1034 935 λῃσταί,
1044 879 1122 920 τὸν
1133 879 1239 919 ὄντα
1249 878 1472 933 ἡμέτερον,

123 955 211 989 τῶν
242 948 610 1003 τιμωρησαμένων
642 950 743 997 τοὺς
777 950 934 1005 λῃστὰς
965 950 1218 1003 γίγνεσθαι;
1256 951 1469 999 Φίλιππος

125 1016 161 1059 δ’
200 1019 281 1061 οὐκ
319 1018 470 1073 ἀγνοεῖ
506 1017 623 1060 ταῦτ’
663 1019 715 1061 οὐ
749 1020 894 1060 δίκαια
927 1019 1078 1074 λέγων,
1110 1017 1201 1060 ἀλλ’
1235 1021 1270 1061 εἰ
1303 1021 1377 1061 καί
1406 1036 1469 1069 τις

124 1091 253 1139 ἄλλος
280 1088 562 1142 ἐπιστάμενος
589 1094 983 1144 παρακρουσθῆναι
1010 1089 1064 1132 ἂν
1089 1090 1200 1142 ὑμᾶς
1226 1091 1361 1132 οἴεται
1386 1090 1469 1132 ὑπὸ

70 1175 101 1200 15
122 1168 209 1202 τῶν
232 1160 460 1202 τάνταῦθα
481 1161 734 1215 διοικήσειν,
759 1161 815 1210 ὡς
837 1160 891 1202 ἂν
911 1161 1040 1210 αὐτὸς
1061 1159 1225 1210 ἐκεῖνος
1244 1161 1469 1215 βούληται,

121 1232 191 1273 καὶ
229 1232 335 1285 πρὶν
372 1231 684 1286 ὑπεσχημένων
721 1233 792 1273 καὶ
830 1238 915 1273 νῦν
948 1232 997 1274 δὲ
1028 1233 1321 1286 πραττόντων.
1360 1231 1470 1273 ἀλλὰ

53 1302 99 1338 78
120 1303 207 1357 μὴν
245 1299 338 1343 οὐδ’
365 1300 504 1344 ἐκεῖνό
537 1318 585 1356 γε
614 1303 826 1344 λανθάνει
854 1303 1004 1357 αὐτόν,
1035 1303 1100 1344 ὅτι
1127 1300 1182 1344 δι’
1209 1302 1470 1356 ἀμφοτέρων

122 1380 209 1414 τῶν
248 1373 488 1427 ὀνομάτων,
532 1373 724 1430 ὁποτέρῳ
765 1373 819 1415 ἂν
857 1377 1036 1428 χρῆσθε,
1079 1374 1200 1426 ὑμεῖς
1239 1373 1351 1424 ἕξετε
1389 1375 1469 1428 τὴν

121 1450 272 1499 νῆσον,
297 1445 351 1485 ἄν
377 1460 422 1485 τε
450 1444 607 1498 λάβητε
634 1445 688 1485 ἄν
714 1442 748 1486 τ’
772 1444 1028 1498 ἀπολάβητε.
1063 1446 1107 1486 τί
1130 1441 1213 1486 οὖν
1238 1444 1354 1502 αὐτῷ
1377 1446 1468 1486 δια-

69 1529 102 1554 20
123 1514 265 1569 φέρει,
308 1516 364 1569 μὴ
409 1519 468 1572 τῷ
503 1515 654 1571 δικαίῳ
695 1515 875 1567 ὀνόματι
913 1515 1187 1570 χρησάμενον
1225 1515 1469 1557 ἀποδοῦναι

120 1585 238 1640 ὑμῖν,
264 1585 373 1627 ἀλλὰ
400 1586 587 1639 δωρειὰν
615 1585 864 1639 δεδωκέναι,
888 1590 947 1642 τῷ
968 1586 1122 1642 ἀδίκω;
1155 1586 1234 1641 οὐχ
1260 1584 1316 1628 ἵν’
1350 1587 1469 1641 εὐερ-

120 1655 283 1710 γέτημά
319 1672 361 1697 τι
399 1658 735 1710 καταλογίσηται
779 1657 887 1709 πρὸς
924 1656 1034 1708 ὑμᾶς
1073 1655 1267 1711 (γέλοιον
1299 1658 1381 1711 γὰρ
1415 1657 1469 1698 ἂν

122 1727 186 1780 εἴη
214 1728 342 1769 τοῦτό
370 1725 407 1780 γ’
436 1727 732 1781 εὐεργέτημα),
759 1724 851 1768 ἀλλ’
877 1725 931 1768 ἵν’
959 1725 1199 1781 ἐνδείξηται
1227 1728 1359 1770 ἅπασι
1379 1735 1468 1777 τοῖς

113 1800 334 1851 ’Ἑλλησιν,
361 1799 425 1839 ὅτι
446 1797 668 1851 Ἀθηναῖοι
689 1798 740 1839 τὰ
761 1796 809 1839 ἐν
829 1805 879 1853 τῇ
900 1798 1095 1855 θαλάττῃ
1116 1800 1250 1852 χωρία
1271 1798 1469 1853 ἀγαπῶσι

70 1883 102 1908 25
123 1869 239 1921 παρὰ
277 1874 354 1910 τοῦ
388 1869 649 1917 ΛΨῙακεδόνος
689 1868 994 1921 λαμβάνοντες.
1038 1875 1167 1910 τοῦτο
1208 1867 1244 1910 δ’
1276 1869 1382 1922 ὑμῖν
1415 1869 1466 1911 οὐ

120 1938 324 1992 ποιητεόν
352 1937 470 1980 ἐστὶν
497 1936 529 1980 ὦ
556 1939 713 1992 ἄνδρες
735 1937 967 1992 Ἀθηναῖοι.

170 2007 300 2051 Ὅταν
333 2010 380 2051 δὲ
411 2009 512 2066 λέγῃ
539 2010 636 2063 περὶ
664 2010 832 2051 τούτων
858 2010 914 2059 ὡς
941 2008 1084 2052 ἐθέλει
1111 2010 1467 2064 διαδικάσασθαι,

122 2079 253 2122 οὐδὲν
267 2079 358 2121 ἀλλ’
380 2080 398 2133 {J
416 2080 609 2134 χλευάζει
632 2079 752 2134 ὑμᾶς,
771 2087 945 2133 πρῶτον
961 2081 1041 2133 μὲν
1061 2080 1194 2131 ἀξιῶν
1205 2079 1465 2134 Ἀθηναίους

121 2151 249 2201 ὄντας
280 2152 387 2204 πρὸς
419 2152 497 2192 τὸν
529 2149 574 2192 ἐκ
601 2151 772 2204 Πέλλης
799 2151 1054 2205 ὁρμώμενον
1080 2152 1178 2206 περὶ
1204 2159 1292 2193 τῶν
1317 2154 1466 2206 νήσων

68 2237 103 2263 so
124 2221 464 2275 διαδικάζεσθαι,
498 2219 641 2275 πότερ’
674 2221 875 2276 ὑμέτεραι
908 2222 931 2276 ἢ
967 2221 1135 2264 ἐκείνου
1169 2224 1292 2265 εἰσίν.
1337 2223 1466 2265 ὁπότε

1497 607 1518 637 4

1497 963 1516 991 5

1496 1458 1516 1488 6
