1689 2531
140 205 183 235 66

146 985 188 1016 68

145 1483 187 1513 69

149 1979 191 2009 70

214 97 298 137 134
697 97 1073 130 ΔΗΜοΣοΕΝοΥΣ
1520 97 1562 141 [x

210 194 253 234 τί
289 191 389 234 ποτ’
415 190 496 234 οὖν
535 191 708 242 ἐκείνως
746 199 835 242 τοῖς
868 193 1015 242 ἄλλοις
1052 192 1124 233 καὶ
1160 191 1266 244 ὑμῖν
1296 198 1455 234 τοῦτον
1485 193 1564 234 τὸν

209 265 375 318 τρόπον
400 262 712 318 προσφέρεταις
740 264 805 305 ὅτι
827 261 875 304 ἐν
900 264 1012 320 μόνῃ
1037 270 1126 304 τῶν
1150 269 1304 304 πασῶν
1322 264 1494 305 πόλεων
1512 269 1564 319 τῇ

210 334 396 391 ὑμετέρᾳ
422 332 528 376 ἄδει’
561 334 669 388 ὑπὲρ
696 341 785 376 τῶν
811 332 986 389 ἐχθρῶν
1013 333 1156 388 λέγειν
1183 333 1370 388 δέδοται,
1394 334 1466 376 καὶ
1492 337 1565 376 λα-

210 407 347 459 βόντα
385 402 562 461 χρήματ’
601 404 738 446 αὐτὸν
776 403 968 458 ἀσφαλές
1007 402 1098 445 ε’στι
1131 403 1274 458 λέγειν
1311 403 1410 458 παρ’
1447 404 1566 459 ὑμῖν,

213 476 295 518 κᾶν
322 476 596 533 ἀφῃρημένοι
622 477 674 517 τὰ
700 473 866 530 ὑμέτερ’
900 475 1046 516 αὐτῶν
1071 472 1156 529 ἦτε.
1189 474 1269 516 οὐκ
1294 472 1350 528 ἧν
1375 474 1567 529 ἀσφαλὲς

214 547 358 602 λέγειν
386 546 433 589 ἐν
454 545 657 603 Ὀλύνθῳ
684 547 736 587 τὰ
768 547 987 588 Φιλίππου
1014 546 1070 600 μὴ
1099 547 1182 586 σὺν
1209 542 1257 587 εὖ
1278 547 1568 588 πεπονθότων

213 626 302 660 τῶν
329 621 504 659 πολλῶν
525 617 772 659 Ὀλυνθίων
797 622 856 674 τῷ
871 617 1140 658 Ποτείδαιαν
1164 620 1462 671 καρποῦσθαι·
1489 617 1568 658 οὐκ

215 687 270 743 ἦν
297 689 490 743 ἀσφαλὲς
523 688 666 742 λέγειν
700 687 747 729 ἐν
778 688 988 744 Θετταλία
1019 688 1075 742 μὴ
1109 689 1193 728 σὺν
1219 684 1267 728 εὖ
1294 688 1568 737 πεπονθότος

214 766 292 802 τοῦ
319 763 519 814 πλήθους
545 765 623 801 τοῦ
655 762 883 800 Θετταλῶν
908 764 966 815 τῷ
981 760 1083 808 τοὺς
1103 758 1348 812 τυράννους
1369 757 1569 812 ἐκβαλεῖν

218 833 440 873 Φίλιππον
473 831 620 880 αὐτοῖς
652 830 723 871 καὶ
762 830 842 884 τὴν
879 831 1070 870 πυλαίαν
1110 828 1371 871 ἀποδοῦναι·
1404 828 1484 870 οὐκ
1514 826 1570 883 ἦν

216 902 263 943 ἑν
303 904 465 955 Θήβαις
501 901 706 955 ἀσφαλές,
739 901 844 955 πρὶν
879 901 959 954 τὴν
994 901 1210 942 Βοιωτίαν
1245 899 1468 942 ἀπέδωκεν
1498 900 1570 941 καὶ

215 975 317 1022 τοὺς
354 972 530 1021 Φωκέας
562 971 746 1013 ἀνεῖλεν.
791 969 882 1012 ἀλλ’
909 969 1156 1025 Ἀθήνησιν,
1190 970 1242 1012 οὐ
1267 973 1406 1024 μόνον
1422 970 1570 1025 Ἀμφί-

215 1047 345 1085 πολιν
371 1043 442 1084 καὶ
468 1043 549 1097 τὴν
576 1043 844 1096 Καρδιανῶν
870 1042 1018 1096 χώραν
1045 1041 1386 1096 ἀπεστερηκότος
1416 1043 1571 1083 Φιλίπ-

215 1130 314 1169 που,
352 1114 461 1155 ἀλλὰ
495 1114 567 1154 καὶ
609 1112 1003 1163 κατασκευάζοντος
1042 1113 1147 1165 ὑμῖν
1186 1111 1454 1168 ἐπιτείχισμα
1491 1113 1571 1166 τὴν

216 1187 416 1239 Εὔβοιαν
442 1185 513 1226 καὶ
532 1190 617 1226 νῦν
639 1182 706 1225 ἐπὶ
728 1183 969 1234 Βυζάντιον
996 1185 1242 1238 παριόντος,
1268 1183 1459 1238 ἀσφαλές
1481 1181 1570 1224 ἐστι

217 1257 360 1311 λέγειν
387 1256 494 1310 ὑπὲρ
528 1257 761 1297 Φιλίππου.
792 1256 864 1296 καὶ
891 1255 972 1309 γάρ
1000 1271 1066 1296 τοι
1092 1255 1263 1296 τούτων
1288 1254 1368 1307 μὲν
1394 1252 1441 1295 ἐκ
1460 1268 1572 1295 πτω-

216 1335 304 1383 χῶν
330 1326 440 1369 ἔνιοι
467 1329 573 1382 ταχὺ
601 1326 804 1368 πλούσιοι
831 1327 1058 1380 γίγνονται
1079 1326 1150 1367 καὶ
1171 1324 1212 1375 ἐξ
1235 1324 1482 1378 ἀνωνύμων
1501 1325 1572 1366 καὶ

217 1398 391 1449 ἀδόξων
426 1396 596 1447 ἔνδοξοι
632 1398 703 1438 καὶ
738 1398 969 1451 γνώριμοι,
1003 1398 1125 1449 ὑμεῖς
1158 1397 1206 1438 δὲ
1237 1395 1500 1438 τούναντίον
1526 1393 1571 1436 ἐκ

215 1470 295 1523 μὲν
323 1469 514 1519 ἐνδόξων
541 1468 702 1523 ἄδοξοι,
730 1467 774 1509 ἐκ
803 1467 839 1509 δ’
867 1468 1069 1522 εὐπόρων
1095 1468 1270 1522 ἄποροι·
1296 1468 1460 1516 πόλεως
1487 1467 1568 1520 γὰρ

217 1540 352 1595 ἔγωγε
379 1545 572 1582 πλοῦτον
598 1540 787 1593 ἡγοῦμαι
816 1538 1080 1593 συμμάχους,
1105 1540 1266 1592 πίστιν,
1292 1539 1484 1592 εὔνοιαν,
1510 1534 1572 1579 ὧν

217 1613 395 1654 πάντων
428 1613 548 1664 ὑμεῖς
575 1608 660 1652 ἔστ’
694 1611 861 1664 ἄποροι.
902 1608 947 1651 ἐκ
980 1610 1027 1651 δὲ
1052 1616 1130 1651 τοῦ
1157 1610 1326 1651 τούτων
1354 1608 1573 1663 ὀλιγώρως

218 1685 327 1737 ὑμᾶς
360 1681 476 1738 ἔχειν
502 1682 573 1723 καὶ
601 1680 676 1723 ἐᾶν
711 1687 870 1723 τοῦτον
895 1681 973 1722 τὸν
999 1682 1164 1735 τρόπον
1191 1680 1419 1735 φέρεσθαι,
1446 1679 1468 1722 ὁ
1494 1679 1574 1732 μὲν

218 1754 438 1806 εὐδαίμων
459 1753 531 1794 καὶ
551 1752 682 1806 μέγας
704 1752 773 1793 καὶ
798 1752 987 1806 φοβερὸς
1007 1757 1141 1792 πᾶσιν
1152 1748 1359 1805 ΓΈλλησιν
1379 1751 1449 1792 καὶ
1469 1752 1574 1805 βαρ-

217 1825 388 1879 βάροις,
420 1826 540 1876 ὑμεῖς
582 1823 621 1864 δ’
652 1822 804 1877 ἔρημοι
837 1823 908 1864 καὶ
934 1823 1149 1876 ταπεινοί,
1180 1829 1231 1877 τῇ
1257 1822 1336 1874 μὲν
1362 1822 1469 1863 κατὰ
1493 1822 1574 1876 τὴν

218 1896 384 1951 αγορὰν
412 1896 611 1951 εὐετηρία
640 1895 844 1949 λαμπροί,
870 1900 920 1949 τῇ
949 1891 986 1934 δ’
1019 1890 1081 1934 ὧν
1107 1899 1296 1948 προσῆκε
1323 1898 1573 1947 παρασκευῇ

219 1966 552 2024 καταῙγέλαστοι.
599 1965 651 2007 οὐ
684 1967 762 2006 τὸν
796 1965 932 2006 αὐτὸν
965 1964 1012 2005 δὲ
1049 1966 1214 2018 τρόπον
1245 1965 1346 2017 περί
1375 1962 1420 2004 θ’
1453 1963 1576 2015 ὑμῶν
1597 1965 1663 2002 15⁰

219 2038 403 2092 καὶπερὶ
419 2038 565 2079 αὑτῶν
586 2035 730 2085 ἐνίους
750 2044 839 2078 τῶν
861 2037 1079 2090 λεγόντων
1100 2035 1186 2089 ὁρῶ
1208 2033 1574 2088 βουλευομένους·

219 2111 328 2162 ὑμᾶς
361 2109 441 2161 μὲν
473 2108 554 2162 γὰρ
588 2108 775 2162 ἡσυχίαν
808 2108 932 2160 ἄγειν
965 2106 1073 2160 φασὶ
1106 2107 1219 2160 δεῖν,
1257 2106 1339 2146 κᾶν
1370 2120 1434 2154 τις
1466 2105 1575 2157 ὑμᾶς

219 2180 366 2235 ἀδικῇ,
393 2179 518 2220 αὐτοὶ
545 2177 582 2220 δ’
617 2178 669 2219 οὐ
703 2178 915 2219 δύνανται
947 2176 1046 2230 παρ’
1080 2177 1185 2229 ὑμῖν
1220 2177 1407 2230 ἡσυχίαν
1439 2176 1576 2229 ἄγειν,

1590 847 1623 873 10

1591 1201 1624 1227 15

1593 1557 1659 1589 ρο,

1594 1909 1627 1936 25

216 2252 396 2300 οὐδενὸς
424 2250 582 2299 αὐτοὺς
603 2249 871 2298 ἀδικοῦντος.
904 2249 1043 2289 καίτοι
1060 2248 1278 2301 λοιδορίας
1294 2246 1414 2295 εἴτις
1434 2246 1563 2301 χωρὶς
1584 2263 1617 2289 30
