1689 2531
93 116 158 161 111]
574 115 897 149 ΟΛΤΝΘΙΑΚΟΣ
923 116 952 148 Γ
1383 115 1438 156 35

93 211 241 265 πόλιν,
264 210 345 264 τὴν
371 209 508 265 αὐτὴν
532 216 610 252 τοῦ
638 212 800 265 λαβεῖν,
825 216 902 252 τοῦ
924 211 1252 265 στρατεύεσθαι,
1276 216 1354 252 τοῦ
1376 211 1440 252 δι-

93 280 248 335 κάζειν,
273 286 351 322 τοῦ
377 288 520 323 ποιεῖν
545 278 671 322 τοῦθ’
704 281 725 322 ὅ
751 297 792 322 τι
818 278 920 323 καθ’
952 281 1126 335 ἡλικίαν
1152 280 1328 330 ἕκαστος
1349 279 1439 336 ἔχοι

95 351 167 393 καὶ
193 351 296 393 ὅτου
323 352 471 406 καιρὸς
498 351 577 405 εἴη,
601 350 724 402 τάξιν
749 353 943 405 ποιήσας.
976 351 1056 393 οὐκ
1080 349 1200 393 ἔστιν
1227 351 1336 393 ὅπου
1363 368 1441 405 μη-

97 422 173 464 δὲν
199 420 281 476 ἐγὼ
308 428 484 464 ποιοῦσι
509 422 562 463 τὰ
587 429 675 463 τῶν
700 423 948 464 ποιούντων
969 418 1093 464 εἶπον
1113 422 1168 471 ὡς
1196 423 1262 463 δεῖ
1280 421 1441 476 νέμειν,

62 511 76 536 5
98 490 194 534 οὐδ’
245 492 404 542 αὐτοὺς
447 493 527 545 μὲν
571 492 723 547 ἀργεῖν
766 493 837 534 καὶ
877 492 1100 548 σχολάζειν
1137 493 1208 534 καὶ
1247 492 1441 547 ἀπορεῖν,

96 564 161 606 ὅτι
188 561 225 605 δ’
252 564 291 605 οἱ
318 570 396 605 τοῦ
424 565 566 613 δεῖνος
592 571 774 605 νικῶσιν
794 563 923 618 ξένοι,
948 570 1082 605 ταῦτα
1109 563 1440 605 πυνθάνεσθαι·

95 640 229 676 ταῦτα
282 635 364 688 γὰρ
414 635 517 676 νυνὶ
566 636 772 689 γίγνεται.
835 635 905 676 καὶ
956 635 1054 689 οὐχὶ
1097 634 1319 690 μέμφομαι
1363 635 1441 676 τὸν

96 705 309 747 ποιοῦντά
334 721 375 746 τι
413 713 501 746 τῶν
533 706 725 747 δεόντων
756 705 864 760 ὑπὲρ
898 705 1033 760 ὑμῶν,
1077 705 1185 747 ἀλλὰ
1223 705 1294 746 καὶ
1331 705 1442 758 ὑμᾶς

96 776 205 830 ὑπὲρ
232 775 355 828 ὑμῶν
382 775 527 817 αὐτῶν
553 775 657 826 ἀξιῶ
683 776 889 830 πράττειν
921 774 1039 817 ταῦτ’
1073 774 1138 830 ἐφ’
1172 770 1236 825 οἷς
1269 775 1442 831 ἑτέρους

45 864 77 889 ιο
97 852 262 900 τιμᾶτε,
293 846 364 888 καὶ
389 847 445 901 μὴ
472 853 747 901 παραχωρεῖν
779 843 811 887 ὦ
839 847 995 901 ἄνδρες
1013 845 1237 900 Ἀθηναῖοι
1270 852 1344 899 τῆς
1370 846 1442 888 τά-

99 916 213 972 ξεως,
238 917 293 971 ἣν
319 917 424 969 ὑμῖν
450 918 490 959 οἱ
517 918 727 970 πρόγονοι
760 924 833 971 τῆς
861 917 1012 972 ἀρετῆς
1039 918 1144 970 μετὰ
1170 920 1345 958 πολλῶν
1371 917 1443 958 καὶ

97 991 243 1029 καλῶν
268 988 491 1029 κινδύνων
515 987 775 1042 κτησάμενοι
802 987 1044 1031 κατέλιπον.

156 1059 328 1114 Σχεδὸν
361 1056 492 1113 εἴρηχ’
526 1058 551 1100 ἃ
577 1061 734 1111 νομίζω
769 1059 1027 1114 συμφέρειν·
1053 1059 1174 1111 ὑμεῖς
1202 1056 1238 1099 δ’
1271 1056 1438 1100 ἕλοισθ’

99 1129 120 1171 ὅ
147 1145 187 1171 τι
212 1129 283 1171 καὶ
309 1135 360 1185 τῇ
386 1131 508 1171 πόλει
535 1130 606 1171 καὶ
632 1130 764 1171 ἅπασι
793 1131 1018 1171 συνοίσειν
1044 1129 1149 1182 ὑμῖν
1174 1130 1330 1182 μέλλει.

1467 646 1511 676 36
