1689 2531
228 64 309 105 156
690 63 1095 110 [ΔΗΜΟΣΘΕΝΟΤΣ]
1478 67 1571 111 [xm

155 171 198 200 21
286 161 443 202 Καίτοι
470 159 693 210 σκέψασθε
719 167 808 209 πῶς
835 158 905 202 ἐπὶ
929 167 1018 202 τῶν
1042 162 1276 215 προγόνων
1296 159 1414 203 ταῦτ’
1440 157 1571 216 εἶχεν·

103 218 154 242 m
168 220 200 243 ²³
227 231 278 272 οὐ
299 231 382 285 γὰρ
403 230 647 284 ἀλλοτρίοις
666 228 772 283 ὑμῖν
791 232 1139 285 παραδείγμασιν
1158 232 1456 287 χρησαμένοις,
1475 231 1566 274 ἀλλ’

227 303 402 352 οἰκείοις
446 299 588 352 ἔξεσθ’
633 302 659 343 ἃ
696 304 905 356 προσήκει
942 303 1148 357 πράττειν
1185 303 1359 346 εἰδέναι.
1396 292 1573 346 γέκεῖνοι

101 372 208 433 KRH
232 372 523 425 Θεμιστοκλέα
560 373 639 415 τὸν
671 373 750 427 τὴν
783 371 831 414 ἐν
863 375 1082 426 Σαλαμῖνι
1113 376 1361 429 ναυμαχίαν
1393 386 1572 429 στρατη-

227 450 393 498 γοῦντα
429 444 501 485 καὶ
534 444 787 498 ,Μιλτιάδην
824 444 902 486 τὸν
939 445 1187 498 ἡγούμενον
1218 449 1474 500 Μαραθῶνι
1503 446 1575 487 καὶ
1594 464 1611 488 5

227 516 417 564 πολλοὺς
456 515 628 569 ἄλλους,
666 514 747 557 οὐκ
784 515 856 556 ἴσα
894 523 985 565 τοῖς
1022 521 1107 557 νῦν
1146 523 1401 571 στρατηγοῖς
1439 514 1569 570 ἀγάθ’

102 585 211 646 ΧξξζΠ
233 585 557 641 εἰργασμένους,
588 587 647 638 μὰ
672 584 745 628 Δί’
778 586 830 627 οὐ
858 589 1043 641 χαλκοῦς
1069 587 1266 641 ἵστασαν,
1297 584 1386 628 ἀλλ’
1421 587 1477 636 ὡς
1504 587 1576 629 οὐ-

159 668 202 697 22
231 656 307 698 δὲν
333 655 479 699 αὑτῶν
504 658 726 711 κρείττους
754 658 894 711 ὄντας,
921 657 1057 706 οὕτως
1085 656 1254 710 ἐτίμων.
1303 658 1376 699 καὶ
1401 658 1484 713 γάρ
1511 674 1578 700 τοι

101 715 211 776 Χῇᾗςῌ
231 735 318 769 τῶν
350 726 492 782 ἔργων
525 727 706 777 οὐδενὸς
740 725 772 768 ὦ
806 729 962 783 ἄνδρες
977 726 1203 783 Ἀθηναῖοι
1233 736 1322 770 τῶν
1353 726 1439 770 τότ’
1478 728 1579 771 ἀπε-

233 798 448 853 στέρησαν
481 796 653 853 αὑτούς,
685 796 778 840 οὐδ’
816 797 902 840 ἔστ’
940 799 1084 849 οὐδεὶς
1116 799 1234 849 ὅστις
1267 799 1322 841 ἂν
1353 799 1468 842 εἴποι
1498 801 1579 854 τὴν
1598 817 1632 843 10
1687 810 1689 831 1

233 868 280 911 ἐν
306 873 526 922 Σαλαμῖνι
552 871 799 925 ναυμαχίαν
829 870 1182 925 Θεμιστοκλέους,
1207 869 1298 912 ἀλλ’
1323 870 1582 926 Ἀθηναίων,

233 940 337 982 οὐδὲ
375 941 455 995 τὴν
496 939 544 982 ἐν
583 944 839 995 ΛΨΙαραθῶνι
877 941 1019 996 μάχην
1056 941 1328 997 λᾙιλτιάδου,
1366 942 1476 983 ἀλλὰ
1505 948 1581 995 τῆς

233 1013 411 1061 πόλεως.
460 1018 546 1053 νῦν
580 1012 627 1053 δὲ
659 1012 814 1053 πολλοὶ
845 1018 975 1054 τοῦτο
1009 1012 1233 1067 λέγουσιν,
1264 1013 1320 1062 ὡς
1347 1013 1582 1067 Κέρκυραν

233 1077 319 1125 εἷλε
353 1084 566 1135 Τιμόθεος
597 1083 669 1124 καὶ
701 1084 781 1137 τὴν
813 1084 954 1137 μόραν
979 1082 1218 1133 κατέκοψεν
1238 1081 1484 1138 Ἰφικράτης
1510 1084 1582 1125 καὶ

233 1154 314 1208 τὴν
339 1154 438 1208 περὶ
464 1153 616 1204 Νάξον
642 1155 889 1208 ναυμαχίαν
916 1152 1037 1195 ἐνίκα
1062 1156 1274 1208 Χαβρίας·
1307 1155 1474 1196 δοκεῖτε
1497 1155 1580 1209 γὰρ
1601 1172 1634 1198 15
1676 1149 1689 1184 ¹³

234 1225 360 1266 αὐτοὶ
395 1231 485 1266 τῶν
523 1222 664 1278 ἔργων
695 1225 865 1266 τούτων
896 1233 1173 1280 παραχωρεῖν
1203 1232 1292 1267 τῶν
1322 1232 1460 1278 τιμῶν
1490 1232 1583 1275 ταῖς

164 1307 206 1337 23
233 1294 495 1350 ὑπερβολαῖς
517 1289 583 1345 αἶς
604 1293 808 1338 δεδώκατ’
835 1293 898 1337 ἐπ’
925 1296 1073 1345 αὐτοῖς
1093 1295 1269 1353 έῐκάστω
1288 1297 1469 1338 τούτων.
1506 1297 1581 1346 τὰς
1601 1300 1661 1335 17ἓ

108 1355 216 1416 Χῖξῖθῌ
235 1367 315 1419 μὲν
354 1367 407 1421 δὴ
445 1367 668 1416 πολιτικὰς
706 1367 870 1421 δωρεὰς
903 1366 1039 1416 οὕτως
1072 1365 1233 1409 ἐκεῖνοί
1262 1383 1309 1409 τε
1339 1371 1479 1417 καλῶς
1510 1368 1582 1409 καὶ

234 1435 356 1490 ὑμεῖς
389 1437 469 1479 οὐκ
501 1438 666 1491 ὀρθῶς·
704 1438 779 1487 τὰς
812 1438 860 1479 δὲ
884 1444 973 1479 τῶν
999 1437 1137 1488 ξένων
1161 1445 1271 1490 πῶς;
1303 1437 1463 1480 ἐκεῖνοι
1488 1438 1582 1481 Μέ-

235 1525 344 1551 νωνι
370 1514 429 1565 τῷ
455 1510 687 1565 Φαρσαλίῳ
715 1509 883 1550 δώδεκα
908 1508 988 1561 μὲν
1013 1507 1185 1550 τάλαντ’
1217 1509 1431 1564 ἀργυρίου
1458 1510 1582 1552 δόντι
1602 1527 1636 1552 20

235 1581 343 1634 πρὸς
369 1580 447 1621 τὸν
474 1578 537 1621 ἐπ’
563 1577 708 1621 Ἠιόνι
734 1587 785 1635 τῇ
811 1580 918 1634 πρὸς
935 1578 1189 1634 Ἀμφιπόλει
1207 1582 1412 1635 πόλεμον,
1437 1581 1584 1622 διακο-

238 1652 348 1700 σίοις
376 1648 413 1692 δ’
445 1652 652 1692 ἱππεῦσιν
676 1651 903 1700 πενέσταις
924 1652 1051 1700 ἰδίοις
1070 1653 1358 1706 βοηθήσαντι,
1383 1651 1463 1693 οὐκ
1483 1650 1584 1706 ἐψη-

168 1733 211 1763 ‘24
238 1723 425 1776 φίσαντο
467 1723 702 1776 πολιτείαν,
743 1720 835 1763 ἀλλ’
876 1721 1074 1764 ἀτέλειαν
1108 1720 1277 1764 ἔδωκαν
1311 1723 1460 1775 μόνον.
1513 1722 1585 1764 καὶ

109 1781 218 1842 Χξξοῌ
237 1793 453 1847 πρότερον
484 1793 643 1835 τούτου
671 1794 896 1850 Περδίκκᾳ
925 1798 984 1850 τῷ
1010 1794 1118 1834 κατὰ
1147 1794 1228 1847 τὴν
1253 1799 1331 1835 τοῦ
1358 1793 1583 1848 βαρβάρου

238 1861 327 1905 ποτ’
371 1863 674 1917 ἐπιστρατείαν
705 1864 985 1917 βασιλεύοντι
1017 1865 1318 1919 ιἉακεδονίας,
1348 1866 1450 1914 τοὺς
1482 1863 1585 1906 ἀνα·
1604 1882 1638 1907 25

239 1941 488 1990 χωροῦντας
521 1933 568 1976 ἐκ
594 1938 831 1976 Πλαταιῶν
863 1942 951 1976 τῶν
982 1935 1219 1989 βαρβάρων
1250 1935 1333 1977 ἀπὸ
1359 1941 1434 1989 τῆς
1459 1935 1586 1989 ’ἥττης

241 2007 553 2060 διαφθείραντι
584 2006 656 2047 καὶ
688 2006 855 2048 τέλειον
880 2005 1101 2060 τάτύχημα
1127 2008 1360 2060 ποιήσαντι
1384 2011 1444 2063 τῷ
1465 2008 1586 2060 βασι-

242 2080 318 2132 λεῖ,
359 2077 440 2119 οὐκ
478 2075 750 2131 ἐψηφίσαντο
787 2079 1024 2131 πολιτείαν,
1060 2075 1152 2120 ἀλλ’
1191 2077 1388 2119 ἀτέλειαν
1418 2075 1588 2120 ἔδωκαν

241 2149 392 2202 μόνον,
416 2147 609 2201 μεγάλην
635 2148 706 2189 καὶ
731 2149 878 2200 τιμίαν
911 2143 1029 2200 οἶμαι
1056 2149 1126 2189 καὶ
1148 2149 1312 2203 σεμνὴν
1337 2149 1417 2203 τὴν
1443 2146 1588 2190 αὑτῶν

242 2216 412 2273 πατρίδ’
456 2219 693 2273 ἡγούμενοι
726 2219 798 2260 καὶ
828 2219 966 2272 πάσης
999 2217 1155 2272 μείζον’
1195 2219 1454 2274 εὐεργεσίας.
1503 2225 1589 2261 νῦν
1608 2237 1642 2262 so
