1689 2531
131 69 175 115 v]
566 68 682 100 ΠΕΡΙ
705 67 802 99 ΤΗΣ
831 66 1046 99 ΕΙΡΗΝΗΣ
1418 62 1475 105 55

55 167 108 203 60
127 165 374 219 δεινότητος
393 163 464 206 καὶ
486 163 651 217 σοφίας
663 161 750 216 ὁρῶ
770 166 1037 216 κρατοῦσαν·
1063 159 1213 216 ἕτερον
1234 158 1294 214 δέ,
1318 166 1475 214 προῖκα
1504 171 1545 202 12

127 235 179 276 τὰ
204 234 433 290 πράγματα
465 233 600 288 κρίνω
635 231 707 273 καὶ
733 232 973 286 λογίζομαι,
1003 231 1075 272 καὶ
1106 230 1239 273 οὐδὲν
1264 228 1390 285 λῆμμ’
1423 229 1477 272 ἂν

128 305 272 355 οὐδεὶς
303 302 394 360 ἔχοι
425 304 532 359 πρὸς
565 296 628 352 οἷς
656 300 738 356 ἐγὼ
766 302 1075 354 πεπολίτευμαι
1106 301 1178 343 καὶ
1203 300 1312 356 λέγω
1340 299 1476 351 δεῖξαι

127 374 497 430 προσηρτημένον.
542 373 684 428 ὀρθὸν
722 369 823 426 οὖν,
861 373 883 415 ὅ
921 388 963 414 τι
1000 374 1055 414 ἄν
1092 369 1186 415 ποτ’
1223 370 1292 414 ἀπ’
1330 371 1476 414 αὐτῶν

90 463 105 489 5
125 446 297 504 ὑπάρχῃ
335 454 422 488 τῶν
460 443 743 500 πραγμάτων,
785 444 834 485 τὸ
875 442 1102 499 συμφέρον
1146 444 1351 498 φαίνεταί
1390 458 1475 495 μοι.

128 517 233 559 ὅταν
258 514 295 558 δ’
328 515 398 558 ἐπὶ
422 512 571 570 θάτερ’
603 514 747 569 ὥσπερ
774 515 834 564 εἰς
859 513 1079 568 τρυτάνην
1104 512 1318 569 ἀργύριον
1343 524 1476 569 προσ-

126 586 315 645 ενέγκῃς,
341 587 502 642 οἴχεται
530 584 668 640 φέρον
696 585 768 627 καὶ
788 586 1048 627 καθείλκυκε
1072 585 1152 627 τὸν
1171 585 1382 639 λογισμὸν
1402 582 1468 639 ἐφ’

126 658 246 713 αὑτό,
270 658 342 699 καὶ
368 657 448 699 οὐκ
469 656 523 698 ἂν
549 654 606 698 ἔτ’
639 656 786 711 ὀρθῶς
813 653 907 697 οὐδ’
939 655 1073 710 ὑγιῶς
1100 654 1121 697 ὁ
1142 661 1271 697 τοῦτο
1291 657 1474 710 ποιήσας

127 729 228 783 περὶ
254 728 436 778 οὐδενὸς
463 728 698 782 λογίσαιτο.

71 817 104 842 10
173 797 252 842 εῈν
278 799 357 853 μὲν
378 796 460 841 οὖν
480 797 614 853 ἔγωγε
640 806 815 853 πρῶτον
840 797 1053 853 ὑπάρχειν
1079 797 1189 852 φημὶ
1216 798 1323 852 δεῖν,
1349 798 1475 853 ὅπως,
1503 808 1544 839 13

124 870 209 913 εἴτε
235 870 485 925 συμμάχους
512 869 596 911 εἴτε
624 868 832 919 σύνταξιν
858 866 933 910 εἴτ’
965 869 1069 910 ἄλλο
1096 869 1302 923 βούλεταί
1319 884 1382 919 τις
1402 884 1475 910 κα-

123 941 402 993 τασκευάζειν
427 947 478 996 τῇ
504 941 640 994 πόλει,
665 940 745 994 τὴν
770 939 1055 994 ὑπάρχουσαν
1081 940 1259 994 εἰρήνην
1279 940 1336 994 μὴ
1357 940 1475 981 λύων

123 1018 252 1054 τοῦτο
278 1014 462 1066 ποιήσει,
487 1011 566 1066 οὐχ
592 1011 648 1060 ὡς
675 1011 938 1065 θαυμαστὴν
963 1008 1056 1052 οὐδ’
1089 1010 1145 1060 ὡς
1178 999 1303 1060 ἀξίαν
1330 1007 1470 1052 οὖσαν

122 1082 264 1136 ὑμῶν·
290 1081 381 1125 ἀλλ’
414 1082 542 1124 ὁποία
568 1082 632 1132 τίς
658 1079 751 1124 ποτ’
778 1080 898 1123 ἐστὶν
918 1080 1040 1136 αὕτη,
1064 1081 1121 1136 μὴ
1141 1080 1350 1135 γενέσθαι
1370 1084 1475 1134 μᾶλ-

71 1171 103 1196 15
124 1157 203 1196 λον
237 1149 324 1208 εἶχε
355 1160 445 1204 τοῖς
483 1153 705 1208 πράγμασι
739 1153 895 1207 καιρὸν
928 1151 953 1206 ἢ
989 1152 1253 1206 γεγενημένη
1289 1158 1373 1194 νῦν
1415 1139 1469 1194 δι’

123 1225 232 1279 ἡμᾶς
265 1228 475 1279 λυθῆναι·
509 1224 649 1266 πολλὰ
680 1224 763 1278 γὰρ
803 1224 1063 1278 προείμεθα,
1095 1219 1157 1264 ὧν
1188 1223 1475 1278 ὑπαρχόντων

123 1293 209 1337 τότ’
242 1294 296 1337 ἂν
320 1295 346 1349 ἢ
373 1301 459 1336 νῦν
485 1294 808 1349 ἀσφαλέστερος
841 1294 912 1335 καὶ
939 1291 1058 1350 ῥᾴων
1089 1291 1145 1347 ἦν
1169 1294 1274 1348 ἡμῖν
1300 1294 1322 1336 ὁ
1349 1295 1474 1336 πόλε-

122 1382 212 1419 μος.
251 1367 459 1421 δεύτερον
491 1364 547 1421 δ’,
579 1366 688 1421 ὁρᾶν
721 1366 835 1415 ὅπως
867 1366 923 1419 μὴ
956 1362 1219 1419 προαξόμεθ’
1253 1362 1285 1406 ὦ
1318 1365 1473 1420 ἄνδρες
1502 1376 1545 1406 14

126 1434 350 1492 Ἀθηναῖοι
382 1438 483 1486 τοὺς
517 1438 871 1490 συνεληλυθότας
903 1436 1086 1485 τούτους
1123 1435 1194 1477 καὶ
1227 1435 1474 1489 φάσκοντας

71 1524 104 1550 20
127 1505 441 1563 Ἀμφικτύονας
472 1514 557 1549 νῦν
584 1504 696 1549 εἶναι
732 1509 791 1556 εἰς
818 1507 1012 1561 ἀνάγκην
1037 1506 1108 1548 καὶ
1134 1507 1358 1561 πρόφασιν
1384 1523 1473 1549 κοι-

122 1584 204 1621 νοῦ
231 1578 421 1631 πολέμου
449 1579 555 1632 πρὸς
581 1578 702 1632 ἡμᾶς.
736 1576 818 1631 ἐγὼ
845 1577 941 1632 γάρ,
967 1579 1003 1619 εἰ
1030 1574 1198 1631 γένοιθ’
1231 1577 1336 1631 ἡμῖν
1361 1579 1468 1632 πρὸς

128 1651 348 1691 Φίλιππον
373 1649 506 1690 πάλιν
531 1650 716 1701 πόλεμος
743 1648 800 1690 δι’
824 1647 1081 1703 Ἀμφίπολιν
1105 1648 1132 1701 ἥ
1152 1664 1192 1690 τι
1212 1647 1373 1690 τοιοῦτ’
1403 1647 1472 1702 ἔγ-

123 1719 247 1775 κλημ’
278 1720 406 1774 ἴδιον,
432 1716 483 1762 οὗ
498 1720 554 1774 μὴ
575 1719 802 1774 μετέχουσι
821 1720 1027 1761 Θετταλοὶ
1047 1717 1144 1773 μηδ’
1162 1716 1345 1773 Ἀργεῖοι
1364 1719 1472 1773 μηδὲ

128 1792 324 1846 Θηβαῖοι,
349 1790 428 1832 οὐκ
455 1790 509 1832 ἂν
534 1791 637 1844 ἡμῖν
664 1790 808 1842 οἴομαι
827 1790 995 1832 τούτων
1015 1789 1198 1840 οὐδένας
1221 1793 1473 1846 πολεμῆσαι,

70 1877 103 1902 25
123 1861 194 1902 καὶ
226 1861 402 1903 πάντων
439 1861 592 1915 ἥκιστα
625 1860 717 1915 (καί
746 1876 819 1913 μοι
852 1861 909 1915 μὴ
936 1862 1167 1917 θορυβήσῃ
1193 1860 1341 1914 μηδεὶς
1367 1861 1472 1915 πρὶν
1500 1871 1541 1902 15

123 1931 324 1986 ἀκοῦσαι)
344 1933 574 1986 Θηβαίους,
588 1931 666 1986 οὐχ
682 1930 883 1985 ὡςὴδέως
895 1929 1071 1986 ἔχουσιν
1082 1932 1198 1986 ἡμῖν,
1212 1930 1304 1973 οὐδ’
1323 1931 1379 1981 ὡς
1391 1931 1470 1972 οὐκ

125 2001 179 2043 ἄν
199 2004 440 2057 χαρίζοιντο
467 2003 680 2059 Φιλίππῳ,
700 2001 792 2043 ἀλλ’
819 2002 965 2043 ἴσασιν
985 2001 1186 2057 ἀκριβῶς,
1206 2003 1241 2043 εἰ
1262 2002 1333 2043 καὶ
1353 2002 1469 2043 πάνυ

54 2076 101 2112 61
125 2075 262 2127 φησίν
289 2073 294 2128 Ι
321 2089 385 2123 τις
411 2073 570 2123 αὐτοὺς
590 2072 886 2126 ἀναισθήτους
916 2067 1041 2128 εἶναι,
1069 2073 1148 2127 ὅτι,
1177 2074 1213 2115 εἰ
1242 2074 1470 2127 γενήσεται

124 2145 309 2197 πόλεμος
340 2145 447 2198 πρὸς
479 2144 589 2197 ὑμᾶς
615 2143 781 2198 αὐτοῖς,
812 2144 863 2185 τὰ
889 2143 968 2196 μὲν
993 2144 1102 2185 κακὰ
1128 2142 1261 2185 πάνθ’
1294 2142 1469 2193 ἕξουσιν

71 2231 106 2258 so
126 2214 268 2269 αὐτοί,
308 2221 398 2264 τοῖς
437 2213 474 2256 δ’
515 2213 700 2268 ἀγαθοῖς
742 2212 993 2269 ἐφεδρεύων
1027 2213 1171 2269 ἕτερος
1205 2214 1468 2256 καθεδεῖται.
