1689 2531
112 72 203 115 xm]
567 72 681 103 ΠΕΡΙ
706 69 998 106 ΣΤΝΤΑΞΕΩΣ
1369 65 1448 107 151

0 173 4 207 ff
110 182 177 208 τοι
205 173 382 208 σκοπεῖν
407 166 478 207 καὶ
505 167 754 220 λογίζεσθαι
779 165 886 218 πρὸς
911 164 1021 217 ὑμᾶς
1042 163 1200 214 αὐτοὺς
1221 164 1287 205 ὅτι
1306 163 1354 204 τὸ
1375 161 1450 217 ἀρ-

111 237 267 291 γύριον
292 236 372 289 μέν
398 235 488 278 ἐστι
514 233 659 291 τοῦθ’,
683 236 793 288 ὑπὲρ
820 232 873 277 οὗ
898 235 1181 289 βουλεύεσθε,
1206 235 1376 289 μικρόν,
1400 235 1448 276 τὸ

112 305 148 349 δ’
179 306 283 357 ἔθος
308 307 428 361 μέγα,
455 307 477 349 ὃ
503 308 699 361 γίγνεται
724 307 829 359 μετὰ
853 306 1024 348 τούτου.
1070 307 1106 347 εἰ
1132 306 1212 358 μὲν
1238 303 1319 347 οὖν
1344 306 1449 358 μετὰ

109 384 186 419 τοῦ
217 379 422 432 πράττειν
455 377 480 419 ἃ
511 380 718 432 προσήκει
750 378 820 418 καὶ
846 378 895 419 τὸ
923 377 1160 430 λαμβάνειν
1185 377 1448 418 κατασκευά-

73 457 94 493 5’
110 453 260 503 σεσθε,
285 449 337 490 οὐ
363 450 502 501 μόνον
528 448 580 490 οὐ
607 448 807 502 βλάψετε,
833 447 941 489 ἀλλὰ
967 448 1037 489 καὶ
1063 448 1114 489 τὰ
1139 445 1302 501 μέγιστ’
1335 447 1446 501 ὠφε-

109 521 257 572 λήσετε
287 520 368 574 τὴν
393 521 524 561 πόλιν
549 519 620 560 καὶ
645 519 755 571 ὑμᾶς
782 519 957 568 αὐτούς
996 520 1032 560 εἰ
1060 519 1108 560 δὲ
1132 524 1210 559 τοῦ
1237 518 1316 570 μὲν
1344 521 1446 571 λαμ-

0 594 83 630 1167
105 590 257 643 βάνειν
287 591 358 631 καὶ
391 589 516 644 ἑορτὴ
548 590 619 631 καὶ
651 587 750 631 πᾶσ’
782 589 963 645 ἀρῙκέσει
990 591 1220 643 πρόφασις,
1245 595 1323 631 τοῦ
1351 587 1387 631 δ’
1419 590 1446 631 ἃ

105 662 212 715 πρὸς
242 661 413 710 τούτοις
440 662 506 702 δεῖ
531 669 674 702 ποιεῖν
700 661 807 714 μηδὲ
833 662 934 710 τοὺς
962 662 1118 714 λόγους
1145 660 1322 702 ἀκούειν
1349 659 1445 702 ἑθε-

106 734 266 786 λήσετε,
299 732 424 786 ὁρᾶτε
451 734 507 786 μή
533 730 655 785 ποθ’,
687 732 713 773 ἃ
738 738 824 773 νῦν
851 732 996 785 ὀρθῶς
1022 732 1202 785 ἡγεῖσθε
1228 731 1445 785 πράττειν,

52 821 85 846 10
105 801 260 857 σφόδρ’
298 802 587 857 ἡμαρτηκέναι
621 804 838 857 νομίσητε.
889 801 970 856 ἐγὼ
1004 802 1054 843 δέ
1084 818 1194 856 φημι
1227 803 1322 843 δεῖν
1353 801 1445 857 (καί
1471 810 1490 840 3

101 889 175 926 μοι
200 875 256 928 μὴ
278 871 546 927 θορυβήσητ’
574 871 639 927 ἐφ’
668 869 701 930 ᾧ
717 873 856 926 μέλλω
879 873 1034 927 λέγειν,
1059 871 1151 914 ἀλλ’
1180 872 1443 922 ἀκούσαντες

101 943 307 1000 κρίνατε),
351 945 406 994 ὡς
446 945 544 998 περὶ
585 951 662 986 τοῦ
699 947 850 997 λαβεῖν
886 944 1116 998 ἐκκλησίαν
1150 944 1444 998 ἀπεδώκαμεν,

101 1015 214 1057 οὕτω
246 1016 317 1056 καὶ
348 1016 446 1069 περὶ
478 1021 555 1057 τοῦ
590 1020 891 1070 συνταχθῆναι
922 1016 993 1057 καὶ
1025 1019 1442 1069 παρασκευασθῆναι

99 1087 152 1127 τὰ
182 1087 289 1140 πρὸς
317 1088 395 1128 τὸν
426 1088 618 1138 πόλεμον
650 1085 880 1140 ἐκκλησίαν
912 1086 1166 1140 ἀποδοῦναι,
1203 1086 1274 1127 καὶ
1306 1100 1442 1140 παρα-

47 1174 79 1200 15
101 1165 221 1212 σχεῖν
247 1156 428 1198 ἕκαστον
455 1157 590 1198 αὑτὸν
615 1159 671 1211 μὴ
698 1159 836 1209 μόνον
862 1155 980 1198 ταῦτ’
1013 1156 1191 1199 ἀκούειν
1218 1156 1441 1211 ἐθέλοντα,

99 1227 208 1269 ἀλλὰ
239 1229 309 1269 καὶ
341 1229 546 1282 πράττειν
579 1230 863 1281 βουλόμενον,
895 1226 951 1269 ἵν’
984 1226 1016 1269 ὦ
1043 1229 1198 1309 ἄνδρες
1216 1226 1439 1282 Ἀθηναῖοι

98 1305 186 1339 τῶν
212 1298 395 1352 ἀγαθῶν
421 1300 494 1348 τὰς
522 1298 695 1348 ελπίδας
724 1297 777 1340 δι’
809 1299 932 1351 ὑμῶν
959 1299 1103 1340 αὐτῶν
1129 1297 1262 1354 ἔχητε,
1288 1315 1357 1340 και
1383 1300 1439 1352 μὴ
1469 1312 1564 1338 [1135

97 1370 175 1410 τὸν
207 1370 329 1411 δεῖνα
361 1371 468 1423 μηδε
494 1371 571 1411 τὸν
598 1371 720 1411 δεῖνα
746 1370 1039 1423 πυνθάνησθε
1066 1371 1108 1411 τί
1132 1370 1319 1453 πράττει.
1370 1371 1439 1411 καὶ
1466 1383 1486 1412 4

97 1441 149 1481 τὰ
183 1456 262 1492 μεν
296 1442 534 1495 προσιόντα
568 1448 619 1496 τῇ
657 1443 779 1482 πόλει
814 1441 966 1494 πάντα,
1000 1441 1070 1482 καὶ
1103 1440 1128 1482 ἃ
1159 1446 1244 1482 νῦν
1276 1439 1321 1481 ἐκ
1352 1448 1439 1482 τῶν

45 1528 79 1554 20
99 1511 224 1552 ἰδίων
267 1510 597 1565 παραναλίσκετ’
643 1513 701 1560 εἷς
740 1511 872 1553 οὐδὲν
910 1511 1012 1553 δεόν
1049 1512 1118 1553 καὶ
1158 1511 1222 1553 ὅσ’
1266 1510 1312 1553 ἐκ
1350 1519 1437 1553 τῶν

97 1582 333 1637 συμμάχων
358 1582 553 1637 ὑπάρχει,
580 1582 817 1635 λαμβάνειν
836 1582 946 1634 ὑμᾶς
967 1583 1076 1636 φημὶ
1096 1589 1250 1637 χρῆναι
1270 1583 1318 1624 τὸ
1341 1583 1438 1624 ἴσον
1464 1596 1513 1621 111
1528 1598 1561 1622 ³4

96 1651 292 1706 ἕκαστον,
317 1655 418 1702 τοὺς
446 1654 525 1705 μὲν
551 1652 598 1694 ἐν
627 1654 769 1709 ἡλικίᾳ
796 1655 1116 1706 στρατιωτικόν,
1142 1655 1243 1703 τοὺς
1265 1651 1300 1695 δ’
1327 1654 1436 1707 ὑπὲρ

96 1724 173 1764 τὸν
192 1724 433 1777 κατάλογον
455 1723 725 1773 ἐξεταστικὸν
745 1724 767 1777 η’
791 1725 904 1773 ὅπως
926 1725 980 1765 ἄν
994 1739 1057 1773 τις
1073 1724 1282 1776 ὀνομάσαι
1297 1730 1438 1779 τοῦτο,

96 1795 411 1847 στρατεύεσθαι
438 1792 475 1836 δ’
507 1795 665 1844 αὐτοὺς
692 1795 762 1835 καὶ
788 1795 940 1848 μηδενὶ
966 1795 1124 1836 τούτου
1151 1803 1437 1849 παραχωρεῖν,

42 1881 75 1907 25
96 1864 204 1905 ἀλλὰ
238 1866 318 1918 τὴν
347 1865 535 1917 δύναμιν
565 1872 637 1918 τῆς
667 1867 830 1914 πόλεως
860 1867 1024 1906 οἰκείαν
1054 1861 1177 1919 εἶναι,
1209 1878 1436 1907 κατεσκευ-
1462 1880 1481 1909 5

95 1934 288 1989 ασμένην
314 1935 397 1977 ἀπὸ
419 1936 598 1989 τούτων,
625 1935 681 1977 ἵν’
707 1936 916 2000 εὐπορῇτε
937 1937 1007 1977 καὶ
1028 1937 1078 1977 τὰ
1100 1936 1254 1977 δέοντα
1274 1943 1435 1990 ποιῆτε,

94 2006 165 2046 καὶ
197 2007 274 2047 τὸν
307 2007 549 2060 στρατηγὸν
578 2007 779 2060 ἡγεῖσθαι
805 2007 974 2061 ταύτης,
1000 2005 1055 2048 ἵν’
1087 2007 1193 2058 ὑμῖν
1219 2004 1251 2048 ὦ
1279 2008 1434 2061 ἄνδρες
1461 2020 1504 2045 1v
1516 2021 1548 2046 39

87 2073 309 2130 Ἀθηναῖοι
336 2078 392 2131 μὴ
413 2075 584 2118 τοιαῦθ’
617 2071 767 2131 οἷάπερ
794 2078 895 2118 νυνὶ
923 2080 1140 2134 συμβαίνῃ
1167 2077 1286 2134 (τοὺς
1308 2089 1434 2131 στρα-
1461 2091 1539 2116 1129

94 2149 252 2200 τηγοὺς
284 2149 464 2201 κρίνετε,
500 2149 570 2189 καὶ
603 2147 795 2201 περίεσθ’
836 2148 940 2200 ὑμῖν
973 2148 1017 2190 ἐκ
1049 2156 1136 2190 τῶν
1166 2149 1431 2203 πραγμάτων

42 2217 141 2271 30,,ὁ
181 2218 304 2259 δεῖνα
342 2224 419 2259 τοῦ
459 2219 600 2268 δεῖνος
638 2220 716 2260 τὸν
754 2217 859 2260 δεῖν’
904 2220 1208 2274 εἰσήγγειλενζί,
1245 2220 1349 2262 ἄλλο
1389 2218 1424 2261 δ’
