1689 2531
105 168 145 198 11

105 1232 147 1262 13

107 1730 151 1761 14

110 2227 151 2257 15

179 59 259 99 176
661 61 1042 94 ΔΗΜΟΣΘΕΝΟΤΣ
1458 64 1528 107 [XV

225 153 319 196 Ὅτι
340 152 377 196 δ’
398 152 492 197 οὐδ’
513 154 567 196 ἂν
588 154 914 210 ἐναντιωθῆναί
931 172 1004 209 μοι
1025 157 1145 198 δοκεῖ
1162 163 1214 212 τῇ
1228 157 1379 211 πράξει
1392 158 1527 216 ταύτῃ

173 232 259 267 νῦν
282 223 524 279 Ἀρτεμισία
555 232 630 279 τῆς
661 228 826 276 πόλεως
859 228 992 281 οὔσης
1031 225 1099 268 ἐπὶ
1133 234 1222 269 τῶν
1252 229 1529 286 πραγμάτων,

173 294 287 349 μίκρ’
329 296 594 346 ἀκούσαντες
627 298 814 339 σκοπεῖτ’
853 296 930 339 εἴτ’
969 298 1115 348 ὀρθῶς
1154 300 1374 352 λογίζομαι
1404 298 1522 342 ταῦτ’

175 367 260 409 εἴτε
286 369 354 421 μή.
388 366 470 421 ἐγὼ
497 369 669 422 νομίζω,
694 372 960 421 πράττοντος
986 369 1066 421 μὲν
1087 368 1135 410 ἐν
1156 370 1366 427 Αἰγύπτῳ
1387 371 1522 413 πάνθ’

175 438 231 487 ὡς
257 438 457 492 ὥρμηκεν
484 438 707 492 βασιλέως,
729 437 886 493 σφόδρ’
908 439 962 481 ἂν
972 437 1244 493 Ἀρτεμισίαν
1262 445 1528 495 πειραθῆναι
1548 461 1564 487 5

174 516 453 563 περιποιῆσαι
474 507 625 551 Ῥόδον
657 511 786 567 αὐτῷ,
819 510 870 552 οὐ
903 517 955 565 τῇ
981 510 1193 564 βασιλέως
1221 511 1389 568 εὐνοία,
1420 511 1530 554 ἀλλὰ

173 586 233 637 τῷ
252 581 496 633 βούλεσθαι
522 583 709 635 πλησίον
735 581 866 635 αὐτῆς
888 582 1189 634 διατρίβοντος
1211 581 1380 624 ἐκείνου
1400 583 1530 637 μεγά-

176 654 257 705 λην
277 651 532 705 εὐεργεσίαν
552 651 827 694 καταθέσθαι
848 653 955 706 πρὸς
976 652 1125 707 αὐτόν,
1150 651 1206 694 ἵν’
1227 653 1283 702 ὡς
1298 649 1522 696 οἰκειότατ’

128 742 135 748 -
174 723 313 776 αὐτὴν
345 722 625 777 ἀποδέχηται·
657 723 922 777 πράττοντος
956 721 992 765 δ’
1026 724 1081 773 ὡς
1115 723 1302 779 λέγεται,
1332 725 1402 766 καὶ
1436 725 1529 780 διη-

173 795 440 847 μαρτηκότος
468 788 531 843 οἷς
553 793 843 849 ἐπεχείρησεν,
869 795 1075 848 ἡγεῖσθαι
1094 797 1175 849 τὴν
1194 802 1332 849 νῆσον
1351 795 1530 851 ταύτην,
1548 815 1582 840 ιο

175 865 279 917 ὅπερ
313 863 451 919 ἔστιν,
483 866 587 907 ἄλλο
620 865 700 917 μὲν
733 865 866 907 οὐδὲν
899 865 953 907 ἂν
979 861 1091 907 εἶναι
1117 868 1289 919 βασιλεῖ
1313 869 1530 922 χρησίμην
1674 861 1689 895 ¹⁹

174 935 222 977 ἐν
248 941 307 993 τῷ
326 938 524 991 παρόντι,
563 943 637 990 τῆς
664 934 701 978 δ’
734 937 865 990 αὐτῆς
893 936 1026 992 ἀρχῆς
1053 936 1320 992 ἐπιτείχισμα
1345 940 1454 992 πρὸς
1480 940 1528 981 τὸ

174 1005 272 1061 μηδ’
299 1007 451 1049 ὁτιοῦν
477 1015 747 1062 παρακινεῖν.
781 1008 891 1049 ὥστε
917 1024 990 1060 μοι
1018 1009 1138 1050 δοκεῖ
1156 1012 1323 1061 μᾶλλον
1344 1009 1399 1051 ἂν
1418 1010 1529 1062 ὑμᾶς

174 1077 301 1133 ἔχειν,
320 1079 377 1133 μὴ
400 1086 599 1132 φανερῶς
621 1079 753 1133 αὐτῆς
775 1077 999 1133 ἐνδούσης,
1018 1079 1043 1133 ἢ
1059 1077 1225 1121 ’κεῖνον
1245 1083 1396 1134 λαβεῖν
1413 1081 1517 1134 βού-

176 1153 343 1191 λεσθαι.
377 1146 497 1201 οἶμαι
522 1150 603 1201 μὲν
629 1147 711 1191 οὖν
737 1150 841 1191 οὐδὲ
861 1152 1104 1204 βοηθήσειν
1130 1150 1281 1206 αὐτήν,
1305 1150 1360 1192 ἂν
1386 1149 1422 1192 δ’
1443 1153 1527 1206 ἄρα
1550 1154 1625 1190 194

174 1226 304 1262 τοῦτο
330 1227 446 1275 ποιῇ,
473 1220 651 1274 φαύλως
677 1222 749 1262 καὶ
768 1228 919 1270 κακῶς.
953 1219 1044 1262 ἐπεὶ
1065 1221 1136 1262 καὶ
1155 1222 1336 1275 βασιλέα
1355 1238 1418 1277 γε,
1444 1223 1466 1264 ὅ
1487 1238 1528 1264 τι
1549 1241 1582 1266 1⁶

174 1292 254 1344 μὲν
286 1293 456 1345 ποιήσει
489 1292 547 1343 μὰ
572 1289 647 1333 Δί’
680 1292 760 1333 οὐκ
792 1291 846 1333 ἂν
879 1290 1038 1344 εἴποιμ’
1071 1290 1196 1346 ἔγωγ’
1228 1293 1284 1342 ὡς
1311 1288 1428 1348 οἶδα,
1464 1294 1529 1335 ὄτι

174 1362 323 1415 μέντοι
356 1362 570 1416 συμφέρει
608 1369 660 1418 τῇ
692 1363 816 1404 πόλει
849 1364 985 1417 δῆλον
1022 1364 1105 1417 ἤδη
1138 1363 1348 1417 γενέσθαι
1379 1361 1522 1417 πότερ’

175 1433 499 1487 ἀντιποιήσεται
535 1441 608 1488 τῆς
643 1435 808 1484 πόλεως
843 1441 917 1488 τῆς
943 1432 1121 1476 Ῥοδίων
1155 1435 1179 1488 ἣ
1214 1435 1286 1489 οὔ,
1319 1433 1435 1477 τοῦτ’
1475 1435 1530 1477 ἂν

177 1506 503 1559 ἰσχυρισαίμην·
542 1505 594 1546 οὐ
633 1506 716 1559 γὰρ
756 1505 864 1559 ὑπὲρ
892 1503 1070 1547 Ῥοδίων
1107 1505 1385 1561 βουλευτέον,
1423 1506 1530 1548 ὅταν
1549 1525 1582 1549 20

176 1575 461 1630 ἀντιποιῆται,
487 1577 637 1630 μόνον,
663 1574 754 1618 ἀλλ’
776 1577 883 1629 ὑπὲρ
913 1576 1033 1630 ἡμῶν
1059 1578 1205 1618 αὐτῶν
1224 1577 1295 1618 καὶ
1314 1584 1403 1619 τῶν
1422 1577 1530 1619 πάν-

176 1663 264 1688 των
283 1645 517 1700 Ἑλλήνων.

240 1719 303 1760 Οὐ
330 1719 417 1772 μὴν
443 1716 537 1760 οὐδ’
571 1718 625 1760 ἂν
652 1720 688 1760 εἰ
717 1716 770 1760 δι’
798 1719 945 1761 αὑτῶν
971 1714 1090 1774 εἶχον
1115 1720 1195 1773 τὴν
1220 1721 1351 1761 πόλιν
1377 1721 1418 1762 οῑ
1444 1725 1530 1761 νῦν

177 1790 298 1838 ὄντες
331 1788 379 1830 ἐν
411 1789 521 1844 αὐτῇ
547 1787 723 1845 Ῥόδιοι,
754 1788 961 1848 παρῄνεσ’
993 1789 1047 1831 ἂν
1082 1790 1187 1842 ὑμῖν
1224 1791 1408 1840 τούτους
1440 1789 1529 1832 ἑλέ-

178 1864 298 1914 σθαι,
336 1859 431 1902 οὐδ’
468 1861 504 1901 εἰ
542 1859 676 1902 πάνθ’
715 1858 1009 1916 ὑπισχνοῦνθ’
1041 1861 1145 1913 ὑμῖν
1183 1863 1395 1915 ποιήσειν.
1439 1861 1526 1914 ὁρῶ
1548 1879 1581 1905 25

177 1932 258 1985 γὰρ
287 1931 446 1980 αὐτοὺς
472 1932 520 1972 τὸ
547 1932 627 1983 μὲν
652 1939 846 1986 πρῶτον,
881 1933 995 1981 ὅπως
1022 1932 1325 1974 καταλύσωσιν
1350 1933 1428 1974 τὸν
1454 1933 1529 1986 δῆ-

177 2018 272 2056 μον,
298 2003 627 2055 προσλαβόντας
658 2003 779 2052 τινὰς
814 2010 902 2044 τῶν
926 2006 1130 2057 πολιτῶν,
1156 2002 1303 2058 ἐπειδὴ
1331 2003 1380 2045 δὲ
1403 2001 1522 2045 τοῦτ’

178 2070 380 2127 ἔπραξαν,
399 2073 532 2114 πάλιν
553 2071 814 2127 ἐκβαλόντας
835 2074 1034 2124 τούτους·
1055 2076 1156 2123 τοὺς
1177 2071 1259 2116 οὖν
1278 2073 1528 2128 μηδετέροις

177 2152 338 2193 πιστῶς
363 2143 652 2198 κεχρημένους
680 2142 773 2186 οὐδ’
806 2144 860 2186 ἂν
886 2145 990 2197 ὑμῖν
1015 2146 1220 2198 βεβαίους
1246 2146 1434 2199 ἠγοῦμαι
1459 2160 1529 2199 γε-

178 2215 337 2256 νέσθαι
371 2215 632 2269 συμμάχους.
678 2216 748 2256 καὶ
781 2214 901 2257 ταῦτ’
933 2213 1200 2257 οὐδεπώποτ’
1234 2211 1358 2257 εἶπον
1384 2216 1457 2270 ἄν,
1492 2217 1528 2257 εἰ
1549 2233 1582 2257 30
