1689 2531
83 349 126 379 36

94 1838 138 1869 38

150 99 206 140 46
634 100 1008 134 ΔΗΜΟΣΘΕΝΟΤΣ
1434 101 1494 147 [IV

152 190 233 237 οἷδ’
260 195 300 237 εἴ
322 211 363 236 τι
389 202 476 237 τῶν
503 194 707 237 ἁπάντων
733 193 832 250 ἔχει,
857 197 958 245 τοὺς
980 193 1015 236 δ’
1043 194 1311 246 ἀποστόλους
1331 196 1495 247 πάντας

151 266 257 318 ὑμῖν
282 266 522 320 ὑστερίζειν
547 273 635 307 τῶν
661 273 838 321 καιρῶν,
868 266 946 307 τὸν
973 267 1032 315 εἰς
1058 266 1301 322 Μεθώνην,
1331 268 1410 309 τὸν
1435 269 1496 317 εἰς

154 336 383 391 Παγασάς,
413 337 492 378 τὸν
524 338 583 386 εἰς
616 337 903 388 Ποτείδαιαν;
944 337 1009 379 ὅτι
1043 335 1186 378 ἐκεῖνα
1216 338 1297 390 μὲν
1328 338 1497 380 ἅπαντα

158 409 272 464 νόμω
305 407 521 462 τέτακται,
553 407 623 448 καὶ
655 407 864 461 πρόοιδεν
897 406 1074 456 ἕκαστος
1105 407 1229 460 ὑμῶν
1261 407 1307 450 ἐκ
1332 412 1497 451 πολλοῦ

154 481 216 528 τίς
243 479 427 534 χορηγὸς
454 478 479 532 ἣ
507 480 831 532 γυμνασίαρχος
856 484 930 532 τῆς
962 481 1120 533 φυλῆς,
1152 480 1255 520 πότε
1286 480 1358 520 καὶ
1383 480 1498 534 παρὰ

154 556 232 592 τοῦ
270 550 341 591 καὶ
379 551 423 590 τί
460 550 650 602 λαβόντα
684 550 727 590 τί
758 549 825 590 δεῖ
858 556 1013 603 ποιεῖν,
1049 549 1181 590 οὐδὲν
1215 549 1500 600 ἀνεξέταστον

156 619 248 663 οὐδ’
275 619 483 674 ἀόριστον
510 618 558 661 ἐν
584 620 755 669 τούτοις
781 619 1006 674 ἠμέληται’
1035 618 1083 661 ἐν
1110 620 1158 662 δὲ
1183 627 1272 670 τοῖς
1297 621 1397 674 περὶ
1422 627 1500 663 τοῦ

155 691 346 743 πολέμου
379 691 450 732 καὶ
482 697 533 746 τῇ
558 691 717 732 τούτου
749 697 1002 746 παρασκευῇ
1034 691 1207 746 ἄτακτα,
1238 690 1502 747 ἀδιόρθωτα,

157 760 330 816 ἀόρισθ’
358 762 537 803 ἅπαντα.
563 767 801 815 τοιγαροῦν
827 760 897 814 ἅμ’
923 761 1167 815 ἀκηκόαμέν
1192 778 1233 803 τι
1258 762 1330 803 καὶ
1355 778 1502 817 τριηρ-

157 833 316 888 άρχους
353 834 625 885 καθίσταμεν
665 833 736 873 καὶ
768 833 939 882 τούτοις
978 831 1220 882 ἀντιδόσεις
1255 834 1502 886 ποιούμεθα

157 905 228 946 καὶ
263 904 362 957 περὶ
399 904 631 958 χρημάτων
668 904 808 958 πόρου
846 910 1106 958 σκοποῦμεν,
1138 902 1210 945 καὶ
1242 904 1348 956 μετὰ
1378 901 1496 945 ταῦτ’

158 974 382 1030 ἐμβαίνειν
407 976 509 1024 τοὺς
535 976 761 1027 μετοίκους
788 972 938 1024 ἔδοξεν
963 975 1034 1016 καὶ
1059 976 1161 1024 τοὺς
1181 975 1311 1029 χωρὶς
1332 975 1504 1016 οἰκοῦν-

158 1062 245 1101 τας,
277 1041 351 1087 εἶτ’
383 1045 543 1095 αὐτοὺς
575 1045 720 1099 πάλιν,
753 1040 825 1087 εἶτ’
859 1044 1202 1099 ἀντεμβιβάζειν,
1234 1041 1307 1087 εἶτ’
1341 1043 1389 1086 ἐν
1416 1045 1502 1101 ὅσῳ

157 1123 292 1159 ταῦτα
312 1116 524 1170 μέλλεται,
549 1117 834 1170 προαπόλωλε
854 1116 902 1158 τὸ
924 1113 990 1170 ἐφ’
1017 1116 1039 1157 ὃ
1062 1115 1116 1158 ὀὲν
1137 1114 1400 1168 ἐκπλέωμεν·
1426 1116 1504 1157 τὸν

158 1189 239 1242 γὰρ
266 1193 344 1230 τοῦ
377 1186 583 1241 πράττειν
610 1188 772 1242 χρόνον
805 1188 865 1236 εἰς
903 1188 951 1228 τὸ
990 1186 1397 1242 παρασκευάζεσθαι
1429 1186 1504 1228 ἀν-

160 1261 406 1313 αλίσκομεν,
433 1259 473 1300 οἱ
501 1258 548 1299 δὲ
574 1265 662 1299 τῶν
688 1258 954 1312 πραγμάτων
975 1257 1026 1299 οὐ
1048 1257 1230 1310 μένουσι
1256 1258 1401 1312 καιροὶ
1426 1258 1506 1312 τὴν

160 1329 374 1384 ἡμετέραν
404 1329 656 1384 βραδυτῆτα
687 1329 758 1370 καὶ
791 1330 1030 1383 εἰρωνείαν.
1077 1329 1124 1378 ἃς
1158 1329 1206 1370 δὲ
1237 1329 1315 1370 τὸν
1347 1327 1505 1381 μεταξὺ

160 1402 323 1456 χρόνον
355 1399 562 1452 δυνάμεις
596 1397 763 1452 οἰόμεθ’
795 1400 900 1453 ἡμῖν
931 1399 1156 1454 ὑπάρχειν,
1188 1399 1320 1441 οὐδὲν
1352 1393 1442 1441 οἷαί
1465 1397 1500 1440 τ’

162 1469 289 1514 οὖσαι
315 1478 458 1513 ποιεῖν
485 1468 548 1512 ἐπ’
575 1470 722 1512 αὐτῶν
746 1477 834 1512 τῶν
859 1477 1024 1524 καιρῶν
1051 1469 1358 1525 ἐξελέγχονται.
1394 1469 1416 1512 ὁ
1445 1467 1503 1526 δἸ

163 1545 222 1593 εἰς
247 1540 373 1584 τοῦθ’
399 1542 567 1597 ὕβρεως
588 1540 818 1596 ἐλήλυθεν,
843 1539 941 1582 ὥστ’
969 1539 1236 1583 ἐπιστέλλειν
1255 1541 1507 1595 Εὐβοεῦσιν

163 1615 246 1668 ἤδη
273 1614 476 1662 τοιαύτας
503 1611 742 1662 ἐπιστολάς.

542 1743 830 1775 ΕΠΙΣΤΟΛΗΣ
855 1742 1134 1774 ΑΝΑΓΝΩΣΙΣ

232 1826 408 1868 Τούτων
429 1822 461 1866 ὦ
483 1826 638 1878 ἄνδρες
653 1822 874 1879 Ἀθηναῖοι
894 1832 982 1866 τῶν
1002 1824 1346 1879 ἀνεγνωσμένων
1366 1823 1510 1878 ἀληθῆ

166 1896 246 1949 μέν
273 1895 392 1938 ἐστιν
417 1896 469 1937 τὰ
495 1896 646 1950 πολλά,
673 1896 728 1945 ὡς
756 1896 835 1937 οὐκ
862 1894 962 1946 ἔδει,
989 1895 1040 1937 οὐ
1066 1898 1153 1950 μὴν
1179 1892 1270 1937 ἀλλ’
1303 1895 1405 1944 ἴσως
1432 1894 1510 1949 οὐχ

166 1965 261 2021 ἡδέ’
293 1966 481 2009 ἀκούειν.
524 1964 614 2008 ἀλλ’
648 1968 683 2008 εἰ
716 1966 814 2021 μέν,
847 1964 910 2008 ὅσ’
942 1967 997 2008 ἄν
1022 1982 1085 2016 τις
1111 1966 1280 2021 ὑπερβῇ
1305 1970 1364 2022 τῷ
1385 1966 1511 2022 λόγῳ,

167 2039 241 2080 ἴνα
266 2039 322 2093 μὴ
350 2040 534 2095 λυπήσῃ,
559 2037 630 2078 καὶ
655 2038 708 2078 τα
733 2035 955 2092 πράγμαθ’
987 2037 1289 2091 ὑπερβήσεται,
1315 2036 1381 2078 δεῖ
1405 2036 1512 2090 πρὸς

168 2109 334 2163 ἡδονὴν
367 2109 648 2163 δημηγορεῖν·
682 2109 717 2150 εἰ
751 2106 787 2149 δ’
819 2109 845 2162 ἡ
877 2115 965 2150 τῶν
997 2109 1140 2162 λόγων
1165 2107 1299 2162 χάρις,
1325 2105 1379 2148 ἂν
1403 2101 1430 2164 ᾗ
1454 2107 1511 2161 μὴ

168 2182 462 2234 προσήκουσα,
487 2177 598 2235 ἔργῳ
626 2179 749 2232 ζημία
775 2180 983 2233 γίγνεται,
1017 2179 1198 2233 αἰσχρόν
1224 2176 1313 2219 ἐστι
1341 2179 1514 2231 φενακί-

1524 852 1557 877 10

1526 1205 1558 1231 15

1531 1981 1564 2008 25

170 2253 256 2302 ζειν
284 2249 477 2304 ἑαυτούς,
502 2250 572 2291 καὶ
594 2247 745 2291 ἅπαντ’
771 2248 1152 2303 ἀναβαλλομένους
1173 2248 1198 2290 ἃ
1219 2243 1308 2306 ἂνῇ
1324 2248 1512 2302 δυσχερῆ
1567 2271 1569 2273 ·
